<?xml version="1.0" encoding="UTF-8"?><marcxml:collection xmlns:marcxml="http://www.loc.gov/MARC21/slim">
  <marcxml:record>
    <marcxml:leader>00555nam a22001815u 4500</marcxml:leader>
    <marcxml:controlfield tag="001">SCSB-9945704</marcxml:controlfield>
    <marcxml:controlfield tag="005">20060823094018.0</marcxml:controlfield>
    <marcxml:controlfield tag="008">020401s2001    ua           |||||||ara|d</marcxml:controlfield>
    <marcxml:controlfield tag="009">990088873180203941</marcxml:controlfield>
    <marcxml:datafield tag="035" ind1=" " ind2=" ">
      <marcxml:subfield code="a">(OCoLC)72805338</marcxml:subfield>
    </marcxml:datafield>
    <marcxml:datafield tag="040" ind1=" " ind2=" ">
      <marcxml:subfield code="a">MH-L</marcxml:subfield>
      <marcxml:subfield code="c">MH-L</marcxml:subfield>
    </marcxml:datafield>
    <marcxml:datafield tag="043" ind1=" " ind2=" ">
      <marcxml:subfield code="a">f-ua---</marcxml:subfield>
    </marcxml:datafield>
    <marcxml:datafield tag="050" ind1="1" ind2="4">
      <marcxml:subfield code="a">JZ1318</marcxml:subfield>
      <marcxml:subfield code="b">.M87x 2001</marcxml:subfield>
    </marcxml:datafield>
    <marcxml:datafield tag="100" ind1="1" ind2=" ">
      <marcxml:subfield code="a">Murād, ʻAbd al-Fattāḥ.</marcxml:subfield>
    </marcxml:datafield>
    <marcxml:datafield tag="245" ind1="1" ind2="3">
      <marcxml:subfield code="a">al-ʻAwlamah wa-al-tanẓīm al-dawlī al-muʻāṣir /</marcxml:subfield>
      <marcxml:subfield code="c">ʻAbd al-Fattāḥ Murād.</marcxml:subfield>
    </marcxml:datafield>
    <marcxml:datafield tag="246" ind1="1" ind2="4">
      <marcxml:subfield code="a">Globalization and contemporary international organization</marcxml:subfield>
    </marcxml:datafield>
    <marcxml:datafield tag="260" ind1=" " ind2=" ">
      <marcxml:subfield code="a">al-Iskandarīyah :</marcxml:subfield>
      <marcxml:subfield code="b">A. F. Murād,</marcxml:subfield>
      <marcxml:subfield code="c">[2001?]</marcxml:subfield>
    </marcxml:datafield>
    <marcxml:datafield tag="300" ind1=" " ind2=" ">
      <marcxml:subfield code="a">326 p. ;</marcxml:subfield>
      <marcxml:subfield code="c">24 cm.</marcxml:subfield>
    </marcxml:datafield>
    <marcxml:datafield tag="504" ind1=" " ind2=" ">
      <marcxml:subfield code="a">Includes bibliographical references.</marcxml:subfield>
    </marcxml:datafield>
    <marcxml:datafield tag="650" ind1=" " ind2="0">
      <marcxml:subfield code="a">Globalization</marcxml:subfield>
    </marcxml:datafield>
    <marcxml:datafield tag="650" ind1=" " ind2="0">
      <marcxml:subfield code="a">International organization</marcxml:subfield>
    </marcxml:datafield>
    <marcxml:datafield tag="583" ind1="1" ind2=" ">
      <marcxml:subfield code="a">committed to retain</marcxml:subfield>
      <marcxml:subfield code="c">20181001</marcxml:subfield>
      <marcxml:subfield code="d">in perpetuity</marcxml:subfield>
      <marcxml:subfield code="f">ReCAP Shared Collection</marcxml:subfield>
      <marcxml:subfield code="5">HUL</marcxml:subfield>
      <marcxml:subfield code="8">222079548390003941</marcxml:subfield>
    </marcxml:datafield>
    <marcxml:datafield tag="852" ind1="0" ind2=" ">
      <marcxml:subfield code="c">HD</marcxml:subfield>
      <marcxml:subfield code="h">JZ1318</marcxml:subfield>
      <marcxml:subfield code="i">.M87x 2001</marcxml:subfield>
      <marcxml:subfield code="0">10686223</marcxml:subfield>
      <marcxml:subfield code="b">scsbhl</marcxml:subfield>
    </marcxml:datafield>
    <marcxml:datafield tag="876" ind1=" " ind2=" ">
      <marcxml:subfield code="0">10686223</marcxml:subfield>
      <marcxml:subfield code="3"/>
      <marcxml:subfield code="a">16376252</marcxml:subfield>
      <marcxml:subfield code="h"> </marcxml:subfield>
      <marcxml:subfield code="j">Available</marcxml:subfield>
      <marcxml:subfield code="k">LAW</marcxml:subfield>
      <marcxml:subfield code="p">32044088353354</marcxml:subfield>
      <marcxml:subfield code="t"/>
      <marcxml:subfield code="x">Shared</marcxml:subfield>
      <marcxml:subfield code="z">HL</marcxml:subfield>
      <marcxml:subfield code="l">HD</marcxml:subfield>
    </marcxml:datafield>
  </marcxml:record>