
  <marcxml:record>
    <marcxml:leader>05352cam a2200397Ma 4500</marcxml:leader>
    <marcxml:controlfield tag="001">SCSB-9956151</marcxml:controlfield>
    <marcxml:controlfield tag="005">20210423112245.0</marcxml:controlfield>
    <marcxml:controlfield tag="008">070515s2007    ua       b    001 0 ara d</marcxml:controlfield>
    <marcxml:controlfield tag="009">990103757180203941</marcxml:controlfield>
    <marcxml:datafield tag="035" ind1=" " ind2=" ">
      <marcxml:subfield code="a">(OCoLC)136695663</marcxml:subfield>
    </marcxml:datafield>
    <marcxml:datafield tag="040" ind1=" " ind2=" ">
      <marcxml:subfield code="a">HLS</marcxml:subfield>
      <marcxml:subfield code="b">eng</marcxml:subfield>
      <marcxml:subfield code="c">HLS</marcxml:subfield>
      <marcxml:subfield code="d">LEILA</marcxml:subfield>
      <marcxml:subfield code="d">OCLCO</marcxml:subfield>
      <marcxml:subfield code="d">OCLCQ</marcxml:subfield>
      <marcxml:subfield code="d">OCLCO</marcxml:subfield>
      <marcxml:subfield code="d">OCLCF</marcxml:subfield>
      <marcxml:subfield code="d">OCLCA</marcxml:subfield>
      <marcxml:subfield code="d">HUL</marcxml:subfield>
    </marcxml:datafield>
    <marcxml:datafield tag="043" ind1=" " ind2=" ">
      <marcxml:subfield code="a">f-ua---</marcxml:subfield>
    </marcxml:datafield>
    <marcxml:datafield tag="100" ind1="1" ind2=" ">
      <marcxml:subfield code="6">880-01</marcxml:subfield>
      <marcxml:subfield code="a">Abū al-ʻAynayn, Muḥammad Māhir.</marcxml:subfield>
    </marcxml:datafield>
    <marcxml:datafield tag="880" ind1="1" ind2=" ">
      <marcxml:subfield code="6">100-01//r</marcxml:subfield>
      <marcxml:subfield code="a">ابو العينين، محمد ماهر.</marcxml:subfield>
    </marcxml:datafield>
    <marcxml:datafield tag="245" ind1="1" ind2="3">
      <marcxml:subfield code="6">880-02</marcxml:subfield>
      <marcxml:subfield code="a">al-ʻĀmilūn al-madanīyūn bi-al-dawlah wa-al-kādirāt al-khāṣṣah fī qaḍāʼ wa-iftāʼ Majlis al-Dawlah (1998-2007) :</marcxml:subfield>
      <marcxml:subfield code="b">maʻa al-ishārah ilá ahamm al-aḥkām wa-al-fatāwá al-aqdam /</marcxml:subfield>
      <marcxml:subfield code="c">Muḥammad Māhir Abū al-ʻAynayn.</marcxml:subfield>
    </marcxml:datafield>
    <marcxml:datafield tag="880" ind1="1" ind2="2">
      <marcxml:subfield code="6">245-02//r</marcxml:subfield>
      <marcxml:subfield code="a">العاملون المدنيون بالدولة والكادرات الخاصة في قضاء وافتاء مجل الدولة (19982007) :</marcxml:subfield>
      <marcxml:subfield code="b">مع الاشارة الى اهم الاحكام والفتاوى الاقدم /</marcxml:subfield>
      <marcxml:subfield code="c">محمد ماهر ابو العينين.</marcxml:subfield>
    </marcxml:datafield>
    <marcxml:datafield tag="250" ind1=" " ind2=" ">
      <marcxml:subfield code="6">880-03</marcxml:subfield>
      <marcxml:subfield code="a">al-Ṭabʻah 1.</marcxml:subfield>
    </marcxml:datafield>
    <marcxml:datafield tag="880" ind1=" " ind2=" ">
      <marcxml:subfield code="6">250-03//r</marcxml:subfield>
      <marcxml:subfield code="a">الطبعة 1.</marcxml:subfield>
    </marcxml:datafield>
    <marcxml:datafield tag="260" ind1=" " ind2=" ">
      <marcxml:subfield code="6">880-04</marcxml:subfield>
      <marcxml:subfield code="a">al-Qāhirah :</marcxml:subfield>
      <marcxml:subfield code="b">Dār al-Nahḍah al-ʻArabīyah,</marcxml:subfield>
      <marcxml:subfield code="c">2007.</marcxml:subfield>
    </marcxml:datafield>
    <marcxml:datafield tag="880" ind1=" " ind2=" ">
      <marcxml:subfield code="6">260-04//r</marcxml:subfield>
      <marcxml:subfield code="a">القاهرة :</marcxml:subfield>
      <marcxml:subfield code="b">دار النهضة العربية،</marcxml:subfield>
      <marcxml:subfield code="c">2007.</marcxml:subfield>
    </marcxml:datafield>
    <marcxml:datafield tag="300" ind1=" " ind2=" ">
      <marcxml:subfield code="a">4 volumes ;</marcxml:subfield>
      <marcxml:subfield code="c">25 cm</marcxml:subfield>
    </marcxml:datafield>
    <marcxml:datafield tag="336" ind1=" " ind2=" ">
      <marcxml:subfield code="a">text</marcxml:subfield>
      <marcxml:subfield code="b">txt</marcxml:subfield>
      <marcxml:subfield code="2">rdacontent</marcxml:subfield>
    </marcxml:datafield>
    <marcxml:datafield tag="337" ind1=" " ind2=" ">
      <marcxml:subfield code="a">unmediated</marcxml:subfield>
      <marcxml:subfield code="b">n</marcxml:subfield>
      <marcxml:subfield code="2">rdamedia</marcxml:subfield>
    </marcxml:datafield>
    <marcxml:datafield tag="338" ind1=" " ind2=" ">
      <marcxml:subfield code="a">volume</marcxml:subfield>
      <marcxml:subfield code="b">nc</marcxml:subfield>
      <marcxml:subfield code="2">rdacarrier</marcxml:subfield>
    </marcxml:datafield>
    <marcxml:datafield tag="500" ind1=" " ind2=" ">
      <marcxml:subfield code="a">"Mulḥaq khāṣṣ : Mashrūʻ qānūn al-waẓīfah al-ʻāmmah al-jadīd, wa-al-ḥuqūq al-dhātīyah ..."</marcxml:subfield>
    </marcxml:datafield>
    <marcxml:datafield tag="505" ind1="0" ind2=" ">
      <marcxml:subfield code="6">880-05</marcxml:subfield>
      <marcxml:subfield code="a">al-Kitāb 1. al-ʻĀmilūn al-madanīyūn bi-al-dawlah -- al-Kitāb 2. al-Muʻāmilūn bi-kādirāt khāṣṣah, al-khāḍiʻūn li-qānūn tanẓīm al-jāmiʻāt ... -- al-Kitāb 3. al-Muʻāmilūn bi-kādirāt khāṣṣah, al-khāḍiʻūn li-qānūn al-shurṭah ... -- al-Kitāb 4. Intihāʼ al-khidmah lil-ʻāmilīn al-madanīyīn.</marcxml:subfield>
    </marcxml:datafield>
    <marcxml:datafield tag="880" ind1="0" ind2=" ">
      <marcxml:subfield code="6">505-05//r</marcxml:subfield>
      <marcxml:subfield code="a">الكتاب 1. العاملون المدنيون بالدولة  الكتاب 2. المعاملون بكادرات خاصة، الخاضعون لقانون تنظيم الجامعات ...  الكتاب 3. المعاملون بكادرات خاصة، الخاضعون لقانون الشرطة ...  الكتاب 4. انتهاء الخدمة للعاملين المدنيين.</marcxml:subfield>
    </marcxml:datafield>
    <marcxml:datafield tag="504" ind1=" " ind2=" ">
      <marcxml:subfield code="a">Includes bibliographical references and index.</marcxml:subfield>
    </marcxml:datafield>
    <marcxml:datafield tag="650" ind1=" " ind2="0">
      <marcxml:subfield code="a">Civil service</marcxml:subfield>
      <marcxml:subfield code="z">Egypt.</marcxml:subfield>
    </marcxml:datafield>
    <marcxml:datafield tag="651" ind1=" " ind2="0">
      <marcxml:subfield code="a">Egypt</marcxml:subfield>
      <marcxml:subfield code="x">Officials and employees.</marcxml:subfield>
    </marcxml:datafield>
    <marcxml:datafield tag="650" ind1=" " ind2="0">
      <marcxml:subfield code="a">Civil law</marcxml:subfield>
      <marcxml:subfield code="z">Egypt.</marcxml:subfield>
    </marcxml:datafield>
    <marcxml:datafield tag="650" ind1=" " ind2="7">
      <marcxml:subfield code="a">Civil law</marcxml:subfield>
      <marcxml:subfield code="2">fast</marcxml:subfield>
      <marcxml:subfield code="0">(OCoLC)fst00862544</marcxml:subfield>
    </marcxml:datafield>
    <marcxml:datafield tag="650" ind1=" " ind2="7">
      <marcxml:subfield code="a">Civil service</marcxml:subfield>
      <marcxml:subfield code="2">fast</marcxml:subfield>
      <marcxml:subfield code="0">(OCoLC)fst00862730</marcxml:subfield>
    </marcxml:datafield>
    <marcxml:datafield tag="650" ind1=" " ind2="7">
      <marcxml:subfield code="a">Employees</marcxml:subfield>
      <marcxml:subfield code="2">fast</marcxml:subfield>
      <marcxml:subfield code="0">(OCoLC)fst00909111</marcxml:subfield>
    </marcxml:datafield>
    <marcxml:datafield tag="651" ind1=" " ind2="7">
      <marcxml:subfield code="a">Egypt</marcxml:subfield>
      <marcxml:subfield code="2">fast</marcxml:subfield>
      <marcxml:subfield code="0">(OCoLC)fst01208755</marcxml:subfield>
    </marcxml:datafield>
    <marcxml:datafield tag="583" ind1="1" ind2=" ">
      <marcxml:subfield code="a">committed to retain</marcxml:subfield>
      <marcxml:subfield code="c">20181001</marcxml:subfield>
      <marcxml:subfield code="d">in perpetuity</marcxml:subfield>
      <marcxml:subfield code="f">ReCAP Shared Collection</marcxml:subfield>
      <marcxml:subfield code="5">HUL</marcxml:subfield>
      <marcxml:subfield code="8">222107246560003941</marcxml:subfield>
    </marcxml:datafield>
    <marcxml:datafield tag="866" ind1="3" ind2="1">
      <marcxml:subfield code="a">v.1-v.4</marcxml:subfield>
      <marcxml:subfield code="8">1.1</marcxml:subfield>
      <marcxml:subfield code="8">222107246560003941</marcxml:subfield>
    </marcxml:datafield>
    <marcxml:datafield tag="852" ind1="8" ind2=" ">
      <marcxml:subfield code="c">HD</marcxml:subfield>
      <marcxml:subfield code="h">EGY 968 ABU35 2007</marcxml:subfield>
      <marcxml:subfield code="8">222107246560003941</marcxml:subfield>
      <marcxml:subfield code="0">10697413</marcxml:subfield>
      <marcxml:subfield code="b">scsbhl</marcxml:subfield>
    </marcxml:datafield>
    <marcxml:datafield tag="876" ind1=" " ind2=" ">
      <marcxml:subfield code="0">10697413</marcxml:subfield>
      <marcxml:subfield code="3">v.4</marcxml:subfield>
      <marcxml:subfield code="a">16387722</marcxml:subfield>
      <marcxml:subfield code="h"/>
      <marcxml:subfield code="j">Available</marcxml:subfield>
      <marcxml:subfield code="k">LAW</marcxml:subfield>
      <marcxml:subfield code="p">32044097247761</marcxml:subfield>
      <marcxml:subfield code="t"/>
      <marcxml:subfield code="x">Shared</marcxml:subfield>
      <marcxml:subfield code="z">HL</marcxml:subfield>
      <marcxml:subfield code="l">HD</marcxml:subfield>
    </marcxml:datafield>
    <marcxml:datafield tag="876" ind1=" " ind2=" ">
      <marcxml:subfield code="0">10697413</marcxml:subfield>
      <marcxml:subfield code="3">v.3</marcxml:subfield>
      <marcxml:subfield code="a">16387723</marcxml:subfield>
      <marcxml:subfield code="h"/>
      <marcxml:subfield code="j">Available</marcxml:subfield>
      <marcxml:subfield code="k">LAW</marcxml:subfield>
      <marcxml:subfield code="p">32044097247852</marcxml:subfield>
      <marcxml:subfield code="t"/>
      <marcxml:subfield code="x">Shared</marcxml:subfield>
      <marcxml:subfield code="z">HL</marcxml:subfield>
      <marcxml:subfield code="l">HD</marcxml:subfield>
    </marcxml:datafield>
    <marcxml:datafield tag="876" ind1=" " ind2=" ">
      <marcxml:subfield code="0">10697413</marcxml:subfield>
      <marcxml:subfield code="3">v.1</marcxml:subfield>
      <marcxml:subfield code="a">16387724</marcxml:subfield>
      <marcxml:subfield code="h"/>
      <marcxml:subfield code="j">Available</marcxml:subfield>
      <marcxml:subfield code="k">LAW</marcxml:subfield>
      <marcxml:subfield code="p">32044097247670</marcxml:subfield>
      <marcxml:subfield code="t"/>
      <marcxml:subfield code="x">Shared</marcxml:subfield>
      <marcxml:subfield code="z">HL</marcxml:subfield>
      <marcxml:subfield code="l">HD</marcxml:subfield>
    </marcxml:datafield>
    <marcxml:datafield tag="876" ind1=" " ind2=" ">
      <marcxml:subfield code="0">10697413</marcxml:subfield>
      <marcxml:subfield code="3">v.2</marcxml:subfield>
      <marcxml:subfield code="a">16387725</marcxml:subfield>
      <marcxml:subfield code="h"/>
      <marcxml:subfield code="j">Available</marcxml:subfield>
      <marcxml:subfield code="k">LAW</marcxml:subfield>
      <marcxml:subfield code="p">32044097247860</marcxml:subfield>
      <marcxml:subfield code="t"/>
      <marcxml:subfield code="x">Shared</marcxml:subfield>
      <marcxml:subfield code="z">HL</marcxml:subfield>
      <marcxml:subfield code="l">HD</marcxml:subfield>
    </marcxml:datafield>
  </marcxml:record>