
  <marcxml:record>
    <marcxml:leader>00000cam a2200349Ii 4500</marcxml:leader>
    <marcxml:controlfield tag="001">SCSB-9980586</marcxml:controlfield>
    <marcxml:controlfield tag="005">20160627120440.0</marcxml:controlfield>
    <marcxml:controlfield tag="008">120309s2007    ae       b    001 0 ara d</marcxml:controlfield>
    <marcxml:controlfield tag="009">990131097420203941</marcxml:controlfield>
    <marcxml:datafield tag="035" ind1=" " ind2=" ">
      <marcxml:subfield code="a">(OCoLC)780972735</marcxml:subfield>
    </marcxml:datafield>
    <marcxml:datafield tag="040" ind1=" " ind2=" ">
      <marcxml:subfield code="b">eng</marcxml:subfield>
      <marcxml:subfield code="e">rda</marcxml:subfield>
      <marcxml:subfield code="a">NNU</marcxml:subfield>
      <marcxml:subfield code="c">N15</marcxml:subfield>
      <marcxml:subfield code="d">TEF</marcxml:subfield>
      <marcxml:subfield code="d">OCLCF</marcxml:subfield>
      <marcxml:subfield code="d">OCLCQ</marcxml:subfield>
      <marcxml:subfield code="d">MH-L</marcxml:subfield>
    </marcxml:datafield>
    <marcxml:datafield tag="050" ind1=" " ind2="4">
      <marcxml:subfield code="a">BP184</marcxml:subfield>
      <marcxml:subfield code="b">.B354 2007</marcxml:subfield>
    </marcxml:datafield>
    <marcxml:datafield tag="100" ind1="1" ind2=" ">
      <marcxml:subfield code="6">880-01</marcxml:subfield>
      <marcxml:subfield code="a">Balḥājj, Qashshār,</marcxml:subfield>
      <marcxml:subfield code="e">author.</marcxml:subfield>
    </marcxml:datafield>
    <marcxml:datafield tag="880" ind1="1" ind2=" ">
      <marcxml:subfield code="6">100-01/</marcxml:subfield>
      <marcxml:subfield code="a">بلحاج، قشار.</marcxml:subfield>
    </marcxml:datafield>
    <marcxml:datafield tag="245" ind1="1" ind2="0">
      <marcxml:subfield code="6">880-02</marcxml:subfield>
      <marcxml:subfield code="a">ʻAwāʼid Mīzāb sunan lā taqālīd /</marcxml:subfield>
      <marcxml:subfield code="c">taʼlīf Balḥājj ibn ʻAddūn Qashshār ; tahdhīb wa-takhrīj Aḥmad Ḥammū Karrūm.</marcxml:subfield>
    </marcxml:datafield>
    <marcxml:datafield tag="880" ind1="1" ind2="0">
      <marcxml:subfield code="6">245-02/</marcxml:subfield>
      <marcxml:subfield code="a">عوائد ميزاب سنن لا تقاليد /</marcxml:subfield>
      <marcxml:subfield code="c">تأليف بلحاج بن عدون قشار ؛ تهذيب وتخريج احمد حمو كروم.</marcxml:subfield>
    </marcxml:datafield>
    <marcxml:datafield tag="250" ind1=" " ind2=" ">
      <marcxml:subfield code="6">880-03</marcxml:subfield>
      <marcxml:subfield code="a">al-Ṭabʻah al-thānīyah.</marcxml:subfield>
    </marcxml:datafield>
    <marcxml:datafield tag="880" ind1=" " ind2=" ">
      <marcxml:subfield code="6">250-03/</marcxml:subfield>
      <marcxml:subfield code="a">الطبعة الثانية.</marcxml:subfield>
    </marcxml:datafield>
    <marcxml:datafield tag="264" ind1=" " ind2="1">
      <marcxml:subfield code="a">[Ghirdayah] :</marcxml:subfield>
      <marcxml:subfield code="b">[publisher not identified],</marcxml:subfield>
      <marcxml:subfield code="c">2007.</marcxml:subfield>
    </marcxml:datafield>
    <marcxml:datafield tag="300" ind1=" " ind2=" ">
      <marcxml:subfield code="a">141 pages ;</marcxml:subfield>
      <marcxml:subfield code="c">22 cm</marcxml:subfield>
    </marcxml:datafield>
    <marcxml:datafield tag="336" ind1=" " ind2=" ">
      <marcxml:subfield code="a">text</marcxml:subfield>
      <marcxml:subfield code="b">txt</marcxml:subfield>
      <marcxml:subfield code="2">rdacontent</marcxml:subfield>
    </marcxml:datafield>
    <marcxml:datafield tag="337" ind1=" " ind2=" ">
      <marcxml:subfield code="a">unmediated</marcxml:subfield>
      <marcxml:subfield code="b">n</marcxml:subfield>
      <marcxml:subfield code="2">rdamedia</marcxml:subfield>
    </marcxml:datafield>
    <marcxml:datafield tag="338" ind1=" " ind2=" ">
      <marcxml:subfield code="a">volume</marcxml:subfield>
      <marcxml:subfield code="b">nc</marcxml:subfield>
      <marcxml:subfield code="2">rdacarrier</marcxml:subfield>
    </marcxml:datafield>
    <marcxml:datafield tag="504" ind1=" " ind2=" ">
      <marcxml:subfield code="a">Includes bibliographical references (pages 123-126) and index.</marcxml:subfield>
    </marcxml:datafield>
    <marcxml:datafield tag="650" ind1=" " ind2="0">
      <marcxml:subfield code="a">Islam</marcxml:subfield>
      <marcxml:subfield code="x">Customs and practices</marcxml:subfield>
    </marcxml:datafield>
    <marcxml:datafield tag="700" ind1="1" ind2=" ">
      <marcxml:subfield code="6">880-04</marcxml:subfield>
      <marcxml:subfield code="a">Karrūm, Aḥmad ibn Ḥammū</marcxml:subfield>
    </marcxml:datafield>
    <marcxml:datafield tag="880" ind1="1" ind2=" ">
      <marcxml:subfield code="6">700-04/</marcxml:subfield>
      <marcxml:subfield code="a">كروم، احمد بن حمو.</marcxml:subfield>
    </marcxml:datafield>
    <marcxml:datafield tag="901" ind1=" " ind2=" ">
      <marcxml:subfield code="a">eb77b7bf-2f65-45fd-a3e1-3b9f2abab1eb</marcxml:subfield>
      <marcxml:subfield code="b">9</marcxml:subfield>
      <marcxml:subfield code="c">false</marcxml:subfield>
    </marcxml:datafield>
    <marcxml:datafield tag="852" ind1="0" ind2=" ">
      <marcxml:subfield code="c">HD</marcxml:subfield>
      <marcxml:subfield code="h">BP184</marcxml:subfield>
      <marcxml:subfield code="i">.B354 2007</marcxml:subfield>
      <marcxml:subfield code="0">10723738</marcxml:subfield>
      <marcxml:subfield code="b">scsbhl</marcxml:subfield>
    </marcxml:datafield>
    <marcxml:datafield tag="876" ind1=" " ind2=" ">
      <marcxml:subfield code="0">10723738</marcxml:subfield>
      <marcxml:subfield code="3"/>
      <marcxml:subfield code="a">16416662</marcxml:subfield>
      <marcxml:subfield code="h"> </marcxml:subfield>
      <marcxml:subfield code="j">Available</marcxml:subfield>
      <marcxml:subfield code="k">LAW</marcxml:subfield>
      <marcxml:subfield code="p">32044137321717</marcxml:subfield>
      <marcxml:subfield code="t"/>
      <marcxml:subfield code="x">Open</marcxml:subfield>
      <marcxml:subfield code="z">HL</marcxml:subfield>
      <marcxml:subfield code="l">HD</marcxml:subfield>
    </marcxml:datafield>
  </marcxml:record>