
  <marcxml:record>
    <marcxml:leader>00000nam a2200313Ia 4500</marcxml:leader>
    <marcxml:controlfield tag="001">SCSB-9980907</marcxml:controlfield>
    <marcxml:controlfield tag="005">20120406125223.0</marcxml:controlfield>
    <marcxml:controlfield tag="008">120217s2008    jo       b    000 0 ara d</marcxml:controlfield>
    <marcxml:controlfield tag="009">990105985140203941</marcxml:controlfield>
    <marcxml:datafield tag="020" ind1=" " ind2=" ">
      <marcxml:subfield code="a">9789957323455</marcxml:subfield>
    </marcxml:datafield>
    <marcxml:datafield tag="020" ind1=" " ind2=" ">
      <marcxml:subfield code="a">9957323458</marcxml:subfield>
    </marcxml:datafield>
    <marcxml:datafield tag="035" ind1=" " ind2=" ">
      <marcxml:subfield code="a">(OCoLC)777192665</marcxml:subfield>
    </marcxml:datafield>
    <marcxml:datafield tag="040" ind1=" " ind2=" ">
      <marcxml:subfield code="a">HVL</marcxml:subfield>
      <marcxml:subfield code="c">HVL</marcxml:subfield>
    </marcxml:datafield>
    <marcxml:datafield tag="043" ind1=" " ind2=" ">
      <marcxml:subfield code="a">a-jo---</marcxml:subfield>
    </marcxml:datafield>
    <marcxml:datafield tag="050" ind1=" " ind2="4">
      <marcxml:subfield code="a">KMM170</marcxml:subfield>
      <marcxml:subfield code="b">.D85 2008x</marcxml:subfield>
    </marcxml:datafield>
    <marcxml:datafield tag="100" ind1="1" ind2=" ">
      <marcxml:subfield code="6">880-01</marcxml:subfield>
      <marcxml:subfield code="a">Dulaymī, Ajyād Thāmir Nāyif</marcxml:subfield>
    </marcxml:datafield>
    <marcxml:datafield tag="880" ind1="1" ind2=" ">
      <marcxml:subfield code="6">100-01/</marcxml:subfield>
      <marcxml:subfield code="a">دليمي، أجياد ثامر نايف.</marcxml:subfield>
    </marcxml:datafield>
    <marcxml:datafield tag="245" ind1="1" ind2="0">
      <marcxml:subfield code="6">880-02</marcxml:subfield>
      <marcxml:subfield code="a">ʻAwāriḍ al-daʻwá al-madanīyah :</marcxml:subfield>
      <marcxml:subfield code="b">dirāsah muqāranah /</marcxml:subfield>
      <marcxml:subfield code="c">Ajyād Thāmir Nāyif al-Dulaymī.</marcxml:subfield>
    </marcxml:datafield>
    <marcxml:datafield tag="880" ind1="1" ind2="0">
      <marcxml:subfield code="6">245-02/</marcxml:subfield>
      <marcxml:subfield code="a">عوارض الدعوى المدنية :</marcxml:subfield>
      <marcxml:subfield code="b">دراسة مقارنة /</marcxml:subfield>
      <marcxml:subfield code="c">أجياد ثامر نايف الدليمي.</marcxml:subfield>
    </marcxml:datafield>
    <marcxml:datafield tag="250" ind1=" " ind2=" ">
      <marcxml:subfield code="6">880-03</marcxml:subfield>
      <marcxml:subfield code="a">al-Ṭabʻah 1.</marcxml:subfield>
    </marcxml:datafield>
    <marcxml:datafield tag="880" ind1=" " ind2=" ">
      <marcxml:subfield code="6">250-03/</marcxml:subfield>
      <marcxml:subfield code="a">الطبعة 1.</marcxml:subfield>
    </marcxml:datafield>
    <marcxml:datafield tag="260" ind1=" " ind2=" ">
      <marcxml:subfield code="6">880-04</marcxml:subfield>
      <marcxml:subfield code="a">ʻAmmān :</marcxml:subfield>
      <marcxml:subfield code="b">Dār al-Ḥāmid lil-Nashr wa-al-Tawzīʻ,</marcxml:subfield>
      <marcxml:subfield code="c">2008.</marcxml:subfield>
    </marcxml:datafield>
    <marcxml:datafield tag="880" ind1=" " ind2=" ">
      <marcxml:subfield code="6">260-04/</marcxml:subfield>
      <marcxml:subfield code="a">عمان :</marcxml:subfield>
      <marcxml:subfield code="b">دار الحامد للنشر والتوزيع،</marcxml:subfield>
      <marcxml:subfield code="c">2008.</marcxml:subfield>
    </marcxml:datafield>
    <marcxml:datafield tag="300" ind1=" " ind2=" ">
      <marcxml:subfield code="a">253 p. ;</marcxml:subfield>
      <marcxml:subfield code="c">25 cm.</marcxml:subfield>
    </marcxml:datafield>
    <marcxml:datafield tag="504" ind1=" " ind2=" ">
      <marcxml:subfield code="a">Includes bibliographical references (p. 237-253).</marcxml:subfield>
    </marcxml:datafield>
    <marcxml:datafield tag="650" ind1=" " ind2="0">
      <marcxml:subfield code="a">Civil procedure</marcxml:subfield>
      <marcxml:subfield code="z">Jordan.</marcxml:subfield>
    </marcxml:datafield>
    <marcxml:datafield tag="650" ind1=" " ind2="0">
      <marcxml:subfield code="a">Civil law</marcxml:subfield>
      <marcxml:subfield code="z">Jordan.</marcxml:subfield>
    </marcxml:datafield>
    <marcxml:datafield tag="583" ind1="1" ind2=" ">
      <marcxml:subfield code="a">committed to retain</marcxml:subfield>
      <marcxml:subfield code="c">20181001</marcxml:subfield>
      <marcxml:subfield code="d">in perpetuity</marcxml:subfield>
      <marcxml:subfield code="f">ReCAP Shared Collection</marcxml:subfield>
      <marcxml:subfield code="5">HUL</marcxml:subfield>
      <marcxml:subfield code="8">222113576310003941</marcxml:subfield>
    </marcxml:datafield>
    <marcxml:datafield tag="852" ind1="0" ind2=" ">
      <marcxml:subfield code="c">HD</marcxml:subfield>
      <marcxml:subfield code="h">KMM170</marcxml:subfield>
      <marcxml:subfield code="i">.D85 2008x</marcxml:subfield>
      <marcxml:subfield code="0">10724091</marcxml:subfield>
      <marcxml:subfield code="b">scsbhl</marcxml:subfield>
    </marcxml:datafield>
    <marcxml:datafield tag="876" ind1=" " ind2=" ">
      <marcxml:subfield code="0">10724091</marcxml:subfield>
      <marcxml:subfield code="3"/>
      <marcxml:subfield code="a">16417029</marcxml:subfield>
      <marcxml:subfield code="h"> </marcxml:subfield>
      <marcxml:subfield code="j">Available</marcxml:subfield>
      <marcxml:subfield code="k">LAW</marcxml:subfield>
      <marcxml:subfield code="p">32044123250243</marcxml:subfield>
      <marcxml:subfield code="t"/>
      <marcxml:subfield code="x">Shared</marcxml:subfield>
      <marcxml:subfield code="z">HL</marcxml:subfield>
      <marcxml:subfield code="l">HD</marcxml:subfield>
    </marcxml:datafield>
  </marcxml:record>