
  <marcxml:record>
    <marcxml:leader>00000nam a22001457a 4500</marcxml:leader>
    <marcxml:controlfield tag="001">SCSB-10003627</marcxml:controlfield>
    <marcxml:controlfield tag="005">20090417013829.0</marcxml:controlfield>
    <marcxml:controlfield tag="008">050209s2004    ua a          000 0 ara d</marcxml:controlfield>
    <marcxml:controlfield tag="009">990096105570203941</marcxml:controlfield>
    <marcxml:datafield tag="035" ind1=" " ind2=" ">
      <marcxml:subfield code="a">(OCoLC)213026906</marcxml:subfield>
    </marcxml:datafield>
    <marcxml:datafield tag="040" ind1=" " ind2=" ">
      <marcxml:subfield code="a">EG-CaLB</marcxml:subfield>
      <marcxml:subfield code="d">MH-FA</marcxml:subfield>
    </marcxml:datafield>
    <marcxml:datafield tag="041" ind1=" " ind2=" ">
      <marcxml:subfield code="a">ara</marcxml:subfield>
      <marcxml:subfield code="a">eng</marcxml:subfield>
    </marcxml:datafield>
    <marcxml:datafield tag="043" ind1=" " ind2=" ">
      <marcxml:subfield code="a">f-ua---</marcxml:subfield>
    </marcxml:datafield>
    <marcxml:datafield tag="245" ind1="0" ind2="0">
      <marcxml:subfield code="a">ʻAwdat mūmīyāʼ malakīyah.</marcxml:subfield>
    </marcxml:datafield>
    <marcxml:datafield tag="246" ind1="1" ind2="5">
      <marcxml:subfield code="a">Return of a royal mummy.</marcxml:subfield>
    </marcxml:datafield>
    <marcxml:datafield tag="246" ind1="1" ind2="5">
      <marcxml:subfield code="a">Return of a royal mummy</marcxml:subfield>
    </marcxml:datafield>
    <marcxml:datafield tag="260" ind1=" " ind2=" ">
      <marcxml:subfield code="a">Cairo :</marcxml:subfield>
      <marcxml:subfield code="b">Wizārat al-Thaqāfah, al-Majlis al-Aʻlá lil-Āthār,</marcxml:subfield>
      <marcxml:subfield code="c">2004.</marcxml:subfield>
    </marcxml:datafield>
    <marcxml:datafield tag="300" ind1=" " ind2=" ">
      <marcxml:subfield code="a">[8] p. :</marcxml:subfield>
      <marcxml:subfield code="b">col. ill. ;</marcxml:subfield>
      <marcxml:subfield code="c">27 cm.</marcxml:subfield>
    </marcxml:datafield>
    <marcxml:datafield tag="546" ind1=" " ind2=" ">
      <marcxml:subfield code="a">Arabic and English.</marcxml:subfield>
    </marcxml:datafield>
    <marcxml:datafield tag="600" ind1="0" ind2="0">
      <marcxml:subfield code="a">Ramses</marcxml:subfield>
      <marcxml:subfield code="b">I,</marcxml:subfield>
      <marcxml:subfield code="c">King of Egypt</marcxml:subfield>
      <marcxml:subfield code="x">Tomb.</marcxml:subfield>
    </marcxml:datafield>
    <marcxml:datafield tag="651" ind1=" " ind2="0">
      <marcxml:subfield code="a">Deir el-Bahri Site (Egypt)</marcxml:subfield>
    </marcxml:datafield>
    <marcxml:datafield tag="710" ind1="2" ind2=" ">
      <marcxml:subfield code="a">Majlis al-Aʻlá lil-Āthār (Egypt)</marcxml:subfield>
    </marcxml:datafield>
    <marcxml:datafield tag="752" ind1=" " ind2=" ">
      <marcxml:subfield code="a">Egypt</marcxml:subfield>
      <marcxml:subfield code="d">Cairo.</marcxml:subfield>
    </marcxml:datafield>
    <marcxml:datafield tag="583" ind1="1" ind2=" ">
      <marcxml:subfield code="a">committed to retain</marcxml:subfield>
      <marcxml:subfield code="c">20181001</marcxml:subfield>
      <marcxml:subfield code="d">in perpetuity</marcxml:subfield>
      <marcxml:subfield code="f">ReCAP Shared Collection</marcxml:subfield>
      <marcxml:subfield code="5">HUL</marcxml:subfield>
      <marcxml:subfield code="8">222088613090003941</marcxml:subfield>
    </marcxml:datafield>
    <marcxml:datafield tag="852" ind1="8" ind2=" ">
      <marcxml:subfield code="c">HD</marcxml:subfield>
      <marcxml:subfield code="0">10748351</marcxml:subfield>
      <marcxml:subfield code="b">scsbhl</marcxml:subfield>
    </marcxml:datafield>
    <marcxml:datafield tag="876" ind1=" " ind2=" ">
      <marcxml:subfield code="0">10748351</marcxml:subfield>
      <marcxml:subfield code="3"/>
      <marcxml:subfield code="a">16444590</marcxml:subfield>
      <marcxml:subfield code="h"> </marcxml:subfield>
      <marcxml:subfield code="j">Available</marcxml:subfield>
      <marcxml:subfield code="k">FAL</marcxml:subfield>
      <marcxml:subfield code="p">FL4WMP</marcxml:subfield>
      <marcxml:subfield code="t"/>
      <marcxml:subfield code="x">Shared</marcxml:subfield>
      <marcxml:subfield code="z">FL</marcxml:subfield>
      <marcxml:subfield code="l">HD</marcxml:subfield>
    </marcxml:datafield>
  </marcxml:record>