
  <marcxml:record>
    <marcxml:leader>00788nam a2200253 a 4500</marcxml:leader>
    <marcxml:controlfield tag="001">SCSB-10091311</marcxml:controlfield>
    <marcxml:controlfield tag="005">20020606095253.2</marcxml:controlfield>
    <marcxml:controlfield tag="008">920728c19941993is a     b    000 0 hebod</marcxml:controlfield>
    <marcxml:controlfield tag="009">990048508830203941</marcxml:controlfield>
    <marcxml:datafield tag="035" ind1=" " ind2=" ">
      <marcxml:subfield code="a">(MH)004850883HVD01-Aleph</marcxml:subfield>
    </marcxml:datafield>
    <marcxml:datafield tag="035" ind1=" " ind2=" ">
      <marcxml:subfield code="a">(OCoLC)31332054</marcxml:subfield>
    </marcxml:datafield>
    <marcxml:datafield tag="040" ind1=" " ind2=" ">
      <marcxml:subfield code="a">MH-FA</marcxml:subfield>
      <marcxml:subfield code="c">MH-FA</marcxml:subfield>
    </marcxml:datafield>
    <marcxml:datafield tag="041" ind1="1" ind2=" ">
      <marcxml:subfield code="a">heb</marcxml:subfield>
      <marcxml:subfield code="h">eng</marcxml:subfield>
    </marcxml:datafield>
    <marcxml:datafield tag="245" ind1="0" ind2="3">
      <marcxml:subfield code="a">ha-ʻAyin ha-muflaʾah :</marcxml:subfield>
      <marcxml:subfield code="b">mabaṭ ḥadash el ha-ʻolam : temunot telat-memadiyot /</marcxml:subfield>
      <marcxml:subfield code="c">me-et N.E. Thing Enterprises.</marcxml:subfield>
    </marcxml:datafield>
    <marcxml:datafield tag="246" ind1="3" ind2=" ">
      <marcxml:subfield code="a">Magic eye</marcxml:subfield>
    </marcxml:datafield>
    <marcxml:datafield tag="260" ind1=" " ind2=" ">
      <marcxml:subfield code="a">Tel-Aviv :</marcxml:subfield>
      <marcxml:subfield code="b">Maṭar,</marcxml:subfield>
      <marcxml:subfield code="c">754, 1994, c 1993.</marcxml:subfield>
    </marcxml:datafield>
    <marcxml:datafield tag="300" ind1=" " ind2=" ">
      <marcxml:subfield code="a">32 p. :</marcxml:subfield>
      <marcxml:subfield code="b">chiefly col. ill. ;</marcxml:subfield>
      <marcxml:subfield code="c">23 x 29 cm.</marcxml:subfield>
    </marcxml:datafield>
    <marcxml:datafield tag="500" ind1=" " ind2=" ">
      <marcxml:subfield code="a">Translation of: Magic eye.</marcxml:subfield>
    </marcxml:datafield>
    <marcxml:datafield tag="500" ind1=" " ind2=" ">
      <marcxml:subfield code="a">On verso t.p.: Magic eye.</marcxml:subfield>
    </marcxml:datafield>
    <marcxml:datafield tag="500" ind1=" " ind2=" ">
      <marcxml:subfield code="a">Romanized record.</marcxml:subfield>
    </marcxml:datafield>
    <marcxml:datafield tag="650" ind1=" " ind2="0">
      <marcxml:subfield code="a">Visual perception</marcxml:subfield>
    </marcxml:datafield>
    <marcxml:datafield tag="650" ind1=" " ind2="0">
      <marcxml:subfield code="a">Optical illusions</marcxml:subfield>
    </marcxml:datafield>
    <marcxml:datafield tag="710" ind1="2" ind2=" ">
      <marcxml:subfield code="a">N.E. Thing Enterprises.</marcxml:subfield>
    </marcxml:datafield>
    <marcxml:datafield tag="752" ind1=" " ind2=" ">
      <marcxml:subfield code="a">Israel</marcxml:subfield>
      <marcxml:subfield code="d">Tel Aviv</marcxml:subfield>
    </marcxml:datafield>
    <marcxml:datafield tag="583" ind1="1" ind2=" ">
      <marcxml:subfield code="a">committed to retain</marcxml:subfield>
      <marcxml:subfield code="c">20181001</marcxml:subfield>
      <marcxml:subfield code="d">in perpetuity</marcxml:subfield>
      <marcxml:subfield code="f">ReCAP Shared Collection</marcxml:subfield>
      <marcxml:subfield code="5">HUL</marcxml:subfield>
      <marcxml:subfield code="8">221940388550003941</marcxml:subfield>
    </marcxml:datafield>
    <marcxml:datafield tag="852" ind1="7" ind2=" ">
      <marcxml:subfield code="2">ZHCL</marcxml:subfield>
      <marcxml:subfield code="c">HD</marcxml:subfield>
      <marcxml:subfield code="h">FA188.38.8</marcxml:subfield>
      <marcxml:subfield code="0">10842487</marcxml:subfield>
      <marcxml:subfield code="b">scsbhl</marcxml:subfield>
    </marcxml:datafield>
    <marcxml:datafield tag="876" ind1=" " ind2=" ">
      <marcxml:subfield code="0">10842487</marcxml:subfield>
      <marcxml:subfield code="3"/>
      <marcxml:subfield code="a">16546200</marcxml:subfield>
      <marcxml:subfield code="h"> </marcxml:subfield>
      <marcxml:subfield code="j">Available</marcxml:subfield>
      <marcxml:subfield code="k">FAL</marcxml:subfield>
      <marcxml:subfield code="p">FL21Y8</marcxml:subfield>
      <marcxml:subfield code="t"/>
      <marcxml:subfield code="x">Shared</marcxml:subfield>
      <marcxml:subfield code="z">FL</marcxml:subfield>
      <marcxml:subfield code="l">HD</marcxml:subfield>
    </marcxml:datafield>
  </marcxml:record>