
  <marcxml:record>
    <marcxml:leader>00000cam a2200397 a 4500</marcxml:leader>
    <marcxml:controlfield tag="001">SCSB-10110336</marcxml:controlfield>
    <marcxml:controlfield tag="005">20100929140021.0</marcxml:controlfield>
    <marcxml:controlfield tag="008">020409s2002    ua            000 0 ara  </marcxml:controlfield>
    <marcxml:controlfield tag="009">990089678220203941</marcxml:controlfield>
    <marcxml:datafield tag="010" ind1=" " ind2=" ">
      <marcxml:subfield code="a">^^2002332484</marcxml:subfield>
    </marcxml:datafield>
    <marcxml:datafield tag="020" ind1=" " ind2=" ">
      <marcxml:subfield code="a">9770907928</marcxml:subfield>
    </marcxml:datafield>
    <marcxml:datafield tag="035" ind1=" " ind2=" ">
      <marcxml:subfield code="a">(OCoLC)49966724</marcxml:subfield>
    </marcxml:datafield>
    <marcxml:datafield tag="040" ind1=" " ind2=" ">
      <marcxml:subfield code="a">DLC-R</marcxml:subfield>
      <marcxml:subfield code="c">DLC-R</marcxml:subfield>
    </marcxml:datafield>
    <marcxml:datafield tag="042" ind1=" " ind2=" ">
      <marcxml:subfield code="a">lcode</marcxml:subfield>
    </marcxml:datafield>
    <marcxml:datafield tag="043" ind1=" " ind2=" ">
      <marcxml:subfield code="a">ma-----</marcxml:subfield>
      <marcxml:subfield code="a">n-us---</marcxml:subfield>
    </marcxml:datafield>
    <marcxml:datafield tag="050" ind1="0" ind2="0">
      <marcxml:subfield code="a">JZ1310</marcxml:subfield>
      <marcxml:subfield code="b">.A453 2002</marcxml:subfield>
    </marcxml:datafield>
    <marcxml:datafield tag="100" ind1="1" ind2=" ">
      <marcxml:subfield code="6">880-01</marcxml:subfield>
      <marcxml:subfield code="a">Amin, Galal A.,</marcxml:subfield>
      <marcxml:subfield code="d">1935-2018</marcxml:subfield>
    </marcxml:datafield>
    <marcxml:datafield tag="880" ind1="1" ind2=" ">
      <marcxml:subfield code="6">100-01/</marcxml:subfield>
      <marcxml:subfield code="a">أمين، جلال.</marcxml:subfield>
    </marcxml:datafield>
    <marcxml:datafield tag="245" ind1="1" ind2="0">
      <marcxml:subfield code="6">880-02</marcxml:subfield>
      <marcxml:subfield code="a">ʻAwlamat al-qahr :</marcxml:subfield>
      <marcxml:subfield code="b">al-Wilāyāt al-Muttaḥidah wa-al-ʻArab wa-al-Muslimūn qabla wa-baʻda aḥdāth Sibtimbir 2001 /</marcxml:subfield>
      <marcxml:subfield code="c">Jalāl Amīn.</marcxml:subfield>
    </marcxml:datafield>
    <marcxml:datafield tag="880" ind1="1" ind2="0">
      <marcxml:subfield code="6">245-02/</marcxml:subfield>
      <marcxml:subfield code="a">عولمة القهر :</marcxml:subfield>
      <marcxml:subfield code="b">الولايات المتحدة والعرب والمسلمون قبل وبعد أحداث سبتمبر ١٠٠٢ /</marcxml:subfield>
      <marcxml:subfield code="c">جلال أمين.</marcxml:subfield>
    </marcxml:datafield>
    <marcxml:datafield tag="246" ind1="3" ind2="0">
      <marcxml:subfield code="6">880-03</marcxml:subfield>
      <marcxml:subfield code="a">Wilāyāt al-Muttaḥidah wa-al-ʻArab wa-al-Muslimūn qabla wa-baʻda aḥdāth Sibtimbir 2001</marcxml:subfield>
    </marcxml:datafield>
    <marcxml:datafield tag="880" ind1="3" ind2="0">
      <marcxml:subfield code="6">246-03/</marcxml:subfield>
      <marcxml:subfield code="a">ولايات المتحدة والعرب والمسلمون قبل وبعد أحداث سبتمبر ١٠٠٢</marcxml:subfield>
    </marcxml:datafield>
    <marcxml:datafield tag="250" ind1=" " ind2=" ">
      <marcxml:subfield code="6">880-04</marcxml:subfield>
      <marcxml:subfield code="a">al-Ṭabʻah 1.</marcxml:subfield>
    </marcxml:datafield>
    <marcxml:datafield tag="880" ind1=" " ind2=" ">
      <marcxml:subfield code="6">250-04/</marcxml:subfield>
      <marcxml:subfield code="a">الطبعة 1.</marcxml:subfield>
    </marcxml:datafield>
    <marcxml:datafield tag="260" ind1=" " ind2=" ">
      <marcxml:subfield code="6">880-05</marcxml:subfield>
      <marcxml:subfield code="a">al-Qāhirah :</marcxml:subfield>
      <marcxml:subfield code="b">Dār al-Shurūq,</marcxml:subfield>
      <marcxml:subfield code="c">2002.</marcxml:subfield>
    </marcxml:datafield>
    <marcxml:datafield tag="880" ind1=" " ind2=" ">
      <marcxml:subfield code="6">260-05/</marcxml:subfield>
      <marcxml:subfield code="a">القاهرة :</marcxml:subfield>
      <marcxml:subfield code="b">دار الشروق،</marcxml:subfield>
      <marcxml:subfield code="c">2002.</marcxml:subfield>
    </marcxml:datafield>
    <marcxml:datafield tag="300" ind1=" " ind2=" ">
      <marcxml:subfield code="a">189 p. ;</marcxml:subfield>
      <marcxml:subfield code="c">24 cm.</marcxml:subfield>
    </marcxml:datafield>
    <marcxml:datafield tag="650" ind1=" " ind2="0">
      <marcxml:subfield code="a">Globalization</marcxml:subfield>
    </marcxml:datafield>
    <marcxml:datafield tag="650" ind1=" " ind2="0">
      <marcxml:subfield code="a">September 11 Terrorist Attacks, 2001</marcxml:subfield>
    </marcxml:datafield>
    <marcxml:datafield tag="651" ind1=" " ind2="0">
      <marcxml:subfield code="a">Arab countries</marcxml:subfield>
      <marcxml:subfield code="x">Relations</marcxml:subfield>
      <marcxml:subfield code="z">United States.</marcxml:subfield>
    </marcxml:datafield>
    <marcxml:datafield tag="651" ind1=" " ind2="0">
      <marcxml:subfield code="a">United States</marcxml:subfield>
      <marcxml:subfield code="x">Relations</marcxml:subfield>
      <marcxml:subfield code="z">Arab countries.</marcxml:subfield>
    </marcxml:datafield>
    <marcxml:datafield tag="752" ind1=" " ind2=" ">
      <marcxml:subfield code="a">Egypt</marcxml:subfield>
      <marcxml:subfield code="d">Cairo.</marcxml:subfield>
    </marcxml:datafield>
    <marcxml:datafield tag="583" ind1="1" ind2=" ">
      <marcxml:subfield code="a">committed to retain</marcxml:subfield>
      <marcxml:subfield code="c">20181001</marcxml:subfield>
      <marcxml:subfield code="d">in perpetuity</marcxml:subfield>
      <marcxml:subfield code="f">ReCAP Shared Collection</marcxml:subfield>
      <marcxml:subfield code="5">HUL</marcxml:subfield>
      <marcxml:subfield code="8">222073371350003941</marcxml:subfield>
    </marcxml:datafield>
    <marcxml:datafield tag="852" ind1="0" ind2=" ">
      <marcxml:subfield code="c">HD</marcxml:subfield>
      <marcxml:subfield code="h">JZ1310</marcxml:subfield>
      <marcxml:subfield code="i">.A453 2002</marcxml:subfield>
      <marcxml:subfield code="0">10862890</marcxml:subfield>
      <marcxml:subfield code="b">scsbhl</marcxml:subfield>
    </marcxml:datafield>
    <marcxml:datafield tag="876" ind1=" " ind2=" ">
      <marcxml:subfield code="0">10862890</marcxml:subfield>
      <marcxml:subfield code="3"/>
      <marcxml:subfield code="a">16567768</marcxml:subfield>
      <marcxml:subfield code="h"> </marcxml:subfield>
      <marcxml:subfield code="j">Available</marcxml:subfield>
      <marcxml:subfield code="k">LAW</marcxml:subfield>
      <marcxml:subfield code="p">32044061619615</marcxml:subfield>
      <marcxml:subfield code="t"/>
      <marcxml:subfield code="x">Shared</marcxml:subfield>
      <marcxml:subfield code="z">HL</marcxml:subfield>
      <marcxml:subfield code="l">HD</marcxml:subfield>
    </marcxml:datafield>
    <marcxml:datafield tag="852" ind1="0" ind2=" ">
      <marcxml:subfield code="c">HD</marcxml:subfield>
      <marcxml:subfield code="h">JZ1310</marcxml:subfield>
      <marcxml:subfield code="i">.A453 2002</marcxml:subfield>
      <marcxml:subfield code="0">10862891</marcxml:subfield>
      <marcxml:subfield code="b">scsbhl</marcxml:subfield>
    </marcxml:datafield>
    <marcxml:datafield tag="876" ind1=" " ind2=" ">
      <marcxml:subfield code="0">10862891</marcxml:subfield>
      <marcxml:subfield code="3"/>
      <marcxml:subfield code="a">16567769</marcxml:subfield>
      <marcxml:subfield code="h"> </marcxml:subfield>
      <marcxml:subfield code="j">Available</marcxml:subfield>
      <marcxml:subfield code="k">WID</marcxml:subfield>
      <marcxml:subfield code="p">HXHPBZ</marcxml:subfield>
      <marcxml:subfield code="t"/>
      <marcxml:subfield code="x">Shared</marcxml:subfield>
      <marcxml:subfield code="z">HW</marcxml:subfield>
      <marcxml:subfield code="l">HD</marcxml:subfield>
    </marcxml:datafield>
  </marcxml:record>