
  <marcxml:record>
    <marcxml:leader>00000nam a2200277Ia 4500</marcxml:leader>
    <marcxml:controlfield tag="001">SCSB-10427547</marcxml:controlfield>
    <marcxml:controlfield tag="005">20120125113658.0</marcxml:controlfield>
    <marcxml:controlfield tag="008">111123s2005    ua       b    000 0 ara d</marcxml:controlfield>
    <marcxml:controlfield tag="009">990101352050203941</marcxml:controlfield>
    <marcxml:datafield tag="035" ind1=" " ind2=" ">
      <marcxml:subfield code="a">(OCoLC)762108699</marcxml:subfield>
    </marcxml:datafield>
    <marcxml:datafield tag="040" ind1=" " ind2=" ">
      <marcxml:subfield code="a">HVL</marcxml:subfield>
      <marcxml:subfield code="c">HVL</marcxml:subfield>
    </marcxml:datafield>
    <marcxml:datafield tag="043" ind1=" " ind2=" ">
      <marcxml:subfield code="a">a------</marcxml:subfield>
      <marcxml:subfield code="a">f------</marcxml:subfield>
    </marcxml:datafield>
    <marcxml:datafield tag="050" ind1=" " ind2="4">
      <marcxml:subfield code="a">JZ1318</marcxml:subfield>
      <marcxml:subfield code="b">.N87 2005x</marcxml:subfield>
    </marcxml:datafield>
    <marcxml:datafield tag="100" ind1="1" ind2=" ">
      <marcxml:subfield code="6">880-01</marcxml:subfield>
      <marcxml:subfield code="a">Nūr Sarīyah, ʻIṣām.</marcxml:subfield>
    </marcxml:datafield>
    <marcxml:datafield tag="880" ind1="1" ind2=" ">
      <marcxml:subfield code="6">100-01/</marcxml:subfield>
      <marcxml:subfield code="a">نور سرية، عصام.</marcxml:subfield>
    </marcxml:datafield>
    <marcxml:datafield tag="245" ind1="1" ind2="3">
      <marcxml:subfield code="6">880-02</marcxml:subfield>
      <marcxml:subfield code="a">al-ʻAwlamah wa-atharuhā fī al-mujtamaʻ al-Islāmī /</marcxml:subfield>
      <marcxml:subfield code="c">taʼlīf ʻIṣām Nūr Sarīyah.</marcxml:subfield>
    </marcxml:datafield>
    <marcxml:datafield tag="880" ind1="1" ind2="2">
      <marcxml:subfield code="6">245-02/</marcxml:subfield>
      <marcxml:subfield code="a">العولمة وأثرها في المجتمع الإسلامي /</marcxml:subfield>
      <marcxml:subfield code="c">تأليف عصام نور سرية.</marcxml:subfield>
    </marcxml:datafield>
    <marcxml:datafield tag="260" ind1=" " ind2=" ">
      <marcxml:subfield code="6">880-03</marcxml:subfield>
      <marcxml:subfield code="a">al-Iskandarīyah :</marcxml:subfield>
      <marcxml:subfield code="b">Muʼassasat Shabāb al-Jāmiʻah,</marcxml:subfield>
      <marcxml:subfield code="c">2005.</marcxml:subfield>
    </marcxml:datafield>
    <marcxml:datafield tag="880" ind1=" " ind2=" ">
      <marcxml:subfield code="6">260-03/</marcxml:subfield>
      <marcxml:subfield code="a">الإسكندرية :</marcxml:subfield>
      <marcxml:subfield code="b">مؤسسة شباب الجامعة،</marcxml:subfield>
      <marcxml:subfield code="c">2005.</marcxml:subfield>
    </marcxml:datafield>
    <marcxml:datafield tag="300" ind1=" " ind2=" ">
      <marcxml:subfield code="a">119 p. ;</marcxml:subfield>
      <marcxml:subfield code="c">24 cm.</marcxml:subfield>
    </marcxml:datafield>
    <marcxml:datafield tag="504" ind1=" " ind2=" ">
      <marcxml:subfield code="a">Includes bibliographical references (p. 115-116).</marcxml:subfield>
    </marcxml:datafield>
    <marcxml:datafield tag="650" ind1=" " ind2="0">
      <marcxml:subfield code="a">Globalization</marcxml:subfield>
      <marcxml:subfield code="z">Islamic countries.</marcxml:subfield>
    </marcxml:datafield>
    <marcxml:datafield tag="650" ind1=" " ind2="0">
      <marcxml:subfield code="a">Globalization</marcxml:subfield>
      <marcxml:subfield code="x">Religious aspects</marcxml:subfield>
      <marcxml:subfield code="x">Islam</marcxml:subfield>
    </marcxml:datafield>
    <marcxml:datafield tag="583" ind1="1" ind2=" ">
      <marcxml:subfield code="a">committed to retain</marcxml:subfield>
      <marcxml:subfield code="c">20181001</marcxml:subfield>
      <marcxml:subfield code="d">in perpetuity</marcxml:subfield>
      <marcxml:subfield code="f">ReCAP Shared Collection</marcxml:subfield>
      <marcxml:subfield code="5">HUL</marcxml:subfield>
      <marcxml:subfield code="8">222105728590003941</marcxml:subfield>
    </marcxml:datafield>
    <marcxml:datafield tag="852" ind1="0" ind2=" ">
      <marcxml:subfield code="c">HD</marcxml:subfield>
      <marcxml:subfield code="h">JZ1318</marcxml:subfield>
      <marcxml:subfield code="i">.N87 2005x</marcxml:subfield>
      <marcxml:subfield code="0">11203507</marcxml:subfield>
      <marcxml:subfield code="b">scsbhl</marcxml:subfield>
    </marcxml:datafield>
    <marcxml:datafield tag="876" ind1=" " ind2=" ">
      <marcxml:subfield code="0">11203507</marcxml:subfield>
      <marcxml:subfield code="3"/>
      <marcxml:subfield code="a">16928938</marcxml:subfield>
      <marcxml:subfield code="h"> </marcxml:subfield>
      <marcxml:subfield code="j">Available</marcxml:subfield>
      <marcxml:subfield code="k">LAW</marcxml:subfield>
      <marcxml:subfield code="p">32044115828758</marcxml:subfield>
      <marcxml:subfield code="t"/>
      <marcxml:subfield code="x">Shared</marcxml:subfield>
      <marcxml:subfield code="z">HL</marcxml:subfield>
      <marcxml:subfield code="l">HD</marcxml:subfield>
    </marcxml:datafield>
  </marcxml:record>