
  <marcxml:record>
    <marcxml:leader>00613nam a22002177  4500</marcxml:leader>
    <marcxml:controlfield tag="001">SCSB-10454240</marcxml:controlfield>
    <marcxml:controlfield tag="005">20020606090541.3</marcxml:controlfield>
    <marcxml:controlfield tag="008">831214s1971    is            000 0 heb d</marcxml:controlfield>
    <marcxml:controlfield tag="009">990000195090203941</marcxml:controlfield>
    <marcxml:datafield tag="010" ind1=" " ind2=" ">
      <marcxml:subfield code="a">^^^72950225^</marcxml:subfield>
    </marcxml:datafield>
    <marcxml:datafield tag="035" ind1=" " ind2=" ">
      <marcxml:subfield code="a">(OCoLC)19138502</marcxml:subfield>
    </marcxml:datafield>
    <marcxml:datafield tag="040" ind1=" " ind2=" ">
      <marcxml:subfield code="a">HLS</marcxml:subfield>
      <marcxml:subfield code="c">HLS</marcxml:subfield>
      <marcxml:subfield code="d">HVL</marcxml:subfield>
    </marcxml:datafield>
    <marcxml:datafield tag="100" ind1="1" ind2=" ">
      <marcxml:subfield code="a">ʻAmir, Giyora.</marcxml:subfield>
    </marcxml:datafield>
    <marcxml:datafield tag="245" ind1="1" ind2="0">
      <marcxml:subfield code="a">ʻAverot ṿe-ʻonashim be-mas hakhnasah.</marcxml:subfield>
    </marcxml:datafield>
    <marcxml:datafield tag="260" ind1=" " ind2=" ">
      <marcxml:subfield code="a">Ramat ha-Sharon :</marcxml:subfield>
      <marcxml:subfield code="b">ʻOd-Tal mifʻale sifrut ṿe-omanut,</marcxml:subfield>
      <marcxml:subfield code="c">1971.</marcxml:subfield>
    </marcxml:datafield>
    <marcxml:datafield tag="300" ind1=" " ind2=" ">
      <marcxml:subfield code="a">232 p.</marcxml:subfield>
    </marcxml:datafield>
    <marcxml:datafield tag="650" ind1=" " ind2="0">
      <marcxml:subfield code="a">Income tax</marcxml:subfield>
      <marcxml:subfield code="z">Israel.</marcxml:subfield>
    </marcxml:datafield>
    <marcxml:datafield tag="752" ind1=" " ind2=" ">
      <marcxml:subfield code="a">Israel</marcxml:subfield>
      <marcxml:subfield code="d">Ramat ha-Sharon.</marcxml:subfield>
    </marcxml:datafield>
    <marcxml:datafield tag="901" ind1=" " ind2=" ">
      <marcxml:subfield code="a">1743d6d9-12f0-4f1d-96ec-15ecc619596c</marcxml:subfield>
      <marcxml:subfield code="b">13</marcxml:subfield>
      <marcxml:subfield code="c">true</marcxml:subfield>
    </marcxml:datafield>
    <marcxml:datafield tag="852" ind1="8" ind2=" ">
      <marcxml:subfield code="c">HD</marcxml:subfield>
      <marcxml:subfield code="h">ISR</marcxml:subfield>
      <marcxml:subfield code="i">973.1</marcxml:subfield>
      <marcxml:subfield code="i">AMI</marcxml:subfield>
      <marcxml:subfield code="0">11232136</marcxml:subfield>
      <marcxml:subfield code="b">scsbhl</marcxml:subfield>
    </marcxml:datafield>
    <marcxml:datafield tag="876" ind1=" " ind2=" ">
      <marcxml:subfield code="0">11232136</marcxml:subfield>
      <marcxml:subfield code="3"/>
      <marcxml:subfield code="a">16960217</marcxml:subfield>
      <marcxml:subfield code="h"> </marcxml:subfield>
      <marcxml:subfield code="j">Available</marcxml:subfield>
      <marcxml:subfield code="k">LAW</marcxml:subfield>
      <marcxml:subfield code="p">HL5YGS</marcxml:subfield>
      <marcxml:subfield code="t"/>
      <marcxml:subfield code="x">Open</marcxml:subfield>
      <marcxml:subfield code="z">HL</marcxml:subfield>
      <marcxml:subfield code="l">HD</marcxml:subfield>
    </marcxml:datafield>
    <marcxml:datafield tag="852" ind1="7" ind2=" ">
      <marcxml:subfield code="2">ZHCL</marcxml:subfield>
      <marcxml:subfield code="c">HD</marcxml:subfield>
      <marcxml:subfield code="h">Heb 14687.685</marcxml:subfield>
      <marcxml:subfield code="0">11232137</marcxml:subfield>
      <marcxml:subfield code="b">scsbhl</marcxml:subfield>
    </marcxml:datafield>
    <marcxml:datafield tag="876" ind1=" " ind2=" ">
      <marcxml:subfield code="0">11232137</marcxml:subfield>
      <marcxml:subfield code="3"/>
      <marcxml:subfield code="a">16960218</marcxml:subfield>
      <marcxml:subfield code="h"> </marcxml:subfield>
      <marcxml:subfield code="j">Available</marcxml:subfield>
      <marcxml:subfield code="k">WID</marcxml:subfield>
      <marcxml:subfield code="p">HNS1J7</marcxml:subfield>
      <marcxml:subfield code="t"/>
      <marcxml:subfield code="x">Open</marcxml:subfield>
      <marcxml:subfield code="z">HW</marcxml:subfield>
      <marcxml:subfield code="l">HD</marcxml:subfield>
    </marcxml:datafield>
  </marcxml:record>