
  <marcxml:record>
    <marcxml:leader>00867cam a2200277I  4500</marcxml:leader>
    <marcxml:controlfield tag="001">SCSB-10454242</marcxml:controlfield>
    <marcxml:controlfield tag="005">20020606090541.3</marcxml:controlfield>
    <marcxml:controlfield tag="008">831221s1969    is       b    000 0 heb d</marcxml:controlfield>
    <marcxml:controlfield tag="009">990000200900203941</marcxml:controlfield>
    <marcxml:datafield tag="010" ind1=" " ind2=" ">
      <marcxml:subfield code="a">^^^76951523^/HE</marcxml:subfield>
    </marcxml:datafield>
    <marcxml:datafield tag="035" ind1=" " ind2=" ">
      <marcxml:subfield code="a">(OCoLC)19155486</marcxml:subfield>
    </marcxml:datafield>
    <marcxml:datafield tag="040" ind1=" " ind2=" ">
      <marcxml:subfield code="a">HLS</marcxml:subfield>
      <marcxml:subfield code="c">HLS</marcxml:subfield>
      <marcxml:subfield code="d">CUY</marcxml:subfield>
      <marcxml:subfield code="d">HLS</marcxml:subfield>
    </marcxml:datafield>
    <marcxml:datafield tag="090" ind1=" " ind2=" ">
      <marcxml:subfield code="a">K1705.4</marcxml:subfield>
      <marcxml:subfield code="b">.B37 1969</marcxml:subfield>
    </marcxml:datafield>
    <marcxml:datafield tag="100" ind1="1" ind2=" ">
      <marcxml:subfield code="a">Bar-Niv, Zvi,</marcxml:subfield>
      <marcxml:subfield code="d">1916-1986.</marcxml:subfield>
    </marcxml:datafield>
    <marcxml:datafield tag="245" ind1="1" ind2="3">
      <marcxml:subfield code="a">ha-ʻAvodah be-mishpaṭ ha-ʻamim /</marcxml:subfield>
      <marcxml:subfield code="c">Tsevi Bar-Niv.</marcxml:subfield>
    </marcxml:datafield>
    <marcxml:datafield tag="246" ind1="3" ind2=" ">
      <marcxml:subfield code="a">Labour in the law of nations.</marcxml:subfield>
    </marcxml:datafield>
    <marcxml:datafield tag="260" ind1=" " ind2=" ">
      <marcxml:subfield code="a">[Tel Aviv] :</marcxml:subfield>
      <marcxml:subfield code="b">ʻAm ʻoved</marcxml:subfield>
      <marcxml:subfield code="c">[1969]</marcxml:subfield>
    </marcxml:datafield>
    <marcxml:datafield tag="300" ind1=" " ind2=" ">
      <marcxml:subfield code="a">292 p. ;</marcxml:subfield>
      <marcxml:subfield code="c">22 cm.</marcxml:subfield>
    </marcxml:datafield>
    <marcxml:datafield tag="500" ind1=" " ind2=" ">
      <marcxml:subfield code="a">On verso of t.p.: Labour in the law of nations.</marcxml:subfield>
    </marcxml:datafield>
    <marcxml:datafield tag="504" ind1=" " ind2=" ">
      <marcxml:subfield code="a">Includes bibliographical references.</marcxml:subfield>
    </marcxml:datafield>
    <marcxml:datafield tag="650" ind1=" " ind2="0">
      <marcxml:subfield code="a">Working class.</marcxml:subfield>
    </marcxml:datafield>
    <marcxml:datafield tag="752" ind1=" " ind2=" ">
      <marcxml:subfield code="a">Israel</marcxml:subfield>
      <marcxml:subfield code="d">Tel Aviv</marcxml:subfield>
    </marcxml:datafield>
    <marcxml:datafield tag="583" ind1="1" ind2=" ">
      <marcxml:subfield code="a">committed to retain</marcxml:subfield>
      <marcxml:subfield code="c">20181001</marcxml:subfield>
      <marcxml:subfield code="d">in perpetuity</marcxml:subfield>
      <marcxml:subfield code="f">ReCAP Shared Collection</marcxml:subfield>
      <marcxml:subfield code="5">HUL</marcxml:subfield>
      <marcxml:subfield code="8">221731474540003941</marcxml:subfield>
    </marcxml:datafield>
    <marcxml:datafield tag="583" ind1="1" ind2=" ">
      <marcxml:subfield code="a">committed to retain</marcxml:subfield>
      <marcxml:subfield code="c">20181001</marcxml:subfield>
      <marcxml:subfield code="d">in perpetuity</marcxml:subfield>
      <marcxml:subfield code="f">ReCAP Shared Collection</marcxml:subfield>
      <marcxml:subfield code="5">HUL</marcxml:subfield>
      <marcxml:subfield code="8">221731474560003941</marcxml:subfield>
    </marcxml:datafield>
    <marcxml:datafield tag="583" ind1="1" ind2=" ">
      <marcxml:subfield code="a">committed to retain</marcxml:subfield>
      <marcxml:subfield code="c">20170930</marcxml:subfield>
      <marcxml:subfield code="d">20421231</marcxml:subfield>
      <marcxml:subfield code="f">HathiTrust</marcxml:subfield>
      <marcxml:subfield code="5">HUL</marcxml:subfield>
      <marcxml:subfield code="8">221731474560003941</marcxml:subfield>
    </marcxml:datafield>
    <marcxml:datafield tag="852" ind1="8" ind2=" ">
      <marcxml:subfield code="c">HD</marcxml:subfield>
      <marcxml:subfield code="h">136a 174.9.6.8</marcxml:subfield>
      <marcxml:subfield code="8">221731474540003941</marcxml:subfield>
      <marcxml:subfield code="0">11232140</marcxml:subfield>
      <marcxml:subfield code="b">scsbhl</marcxml:subfield>
    </marcxml:datafield>
    <marcxml:datafield tag="876" ind1=" " ind2=" ">
      <marcxml:subfield code="0">11232140</marcxml:subfield>
      <marcxml:subfield code="3"/>
      <marcxml:subfield code="a">16960221</marcxml:subfield>
      <marcxml:subfield code="h"/>
      <marcxml:subfield code="j">Available</marcxml:subfield>
      <marcxml:subfield code="k">LAW</marcxml:subfield>
      <marcxml:subfield code="p">32044059303271</marcxml:subfield>
      <marcxml:subfield code="t"/>
      <marcxml:subfield code="x">Shared</marcxml:subfield>
      <marcxml:subfield code="z">HL</marcxml:subfield>
      <marcxml:subfield code="l">HD</marcxml:subfield>
    </marcxml:datafield>
    <marcxml:datafield tag="852" ind1="7" ind2=" ">
      <marcxml:subfield code="2">ZHCL</marcxml:subfield>
      <marcxml:subfield code="c">HD</marcxml:subfield>
      <marcxml:subfield code="h">Heb 22535.229</marcxml:subfield>
      <marcxml:subfield code="8">221731474560003941</marcxml:subfield>
      <marcxml:subfield code="0">11232141</marcxml:subfield>
      <marcxml:subfield code="b">scsbhl</marcxml:subfield>
    </marcxml:datafield>
    <marcxml:datafield tag="876" ind1=" " ind2=" ">
      <marcxml:subfield code="0">11232141</marcxml:subfield>
      <marcxml:subfield code="3"/>
      <marcxml:subfield code="a">16960222</marcxml:subfield>
      <marcxml:subfield code="h"/>
      <marcxml:subfield code="j">Available</marcxml:subfield>
      <marcxml:subfield code="k">WID</marcxml:subfield>
      <marcxml:subfield code="p">HWPMAJ</marcxml:subfield>
      <marcxml:subfield code="t"/>
      <marcxml:subfield code="x">Shared</marcxml:subfield>
      <marcxml:subfield code="z">HW</marcxml:subfield>
      <marcxml:subfield code="l">HD</marcxml:subfield>
    </marcxml:datafield>
  </marcxml:record>