
  <marcxml:record>
    <marcxml:leader>00000nam a2200313Ia 4500</marcxml:leader>
    <marcxml:controlfield tag="001">SCSB-10463700</marcxml:controlfield>
    <marcxml:controlfield tag="005">20120629164729.0</marcxml:controlfield>
    <marcxml:controlfield tag="008">120515s2009    jo       b    000 0 ara d</marcxml:controlfield>
    <marcxml:controlfield tag="009">990115896480203941</marcxml:controlfield>
    <marcxml:datafield tag="020" ind1=" " ind2=" ">
      <marcxml:subfield code="z">9957164461</marcxml:subfield>
    </marcxml:datafield>
    <marcxml:datafield tag="035" ind1=" " ind2=" ">
      <marcxml:subfield code="a">(OCoLC)793588339</marcxml:subfield>
    </marcxml:datafield>
    <marcxml:datafield tag="040" ind1=" " ind2=" ">
      <marcxml:subfield code="a">HVL</marcxml:subfield>
      <marcxml:subfield code="c">HVL</marcxml:subfield>
    </marcxml:datafield>
    <marcxml:datafield tag="043" ind1=" " ind2=" ">
      <marcxml:subfield code="a">ma-----</marcxml:subfield>
    </marcxml:datafield>
    <marcxml:datafield tag="050" ind1=" " ind2="4">
      <marcxml:subfield code="a">JZ1318</marcxml:subfield>
      <marcxml:subfield code="b">.F385 2009x</marcxml:subfield>
    </marcxml:datafield>
    <marcxml:datafield tag="100" ind1="1" ind2=" ">
      <marcxml:subfield code="6">880-01</marcxml:subfield>
      <marcxml:subfield code="a">Fatlāwī, Suhayl Ḥusayn</marcxml:subfield>
    </marcxml:datafield>
    <marcxml:datafield tag="880" ind1="1" ind2=" ">
      <marcxml:subfield code="6">100-01/</marcxml:subfield>
      <marcxml:subfield code="a">فتلاوي، سهيل حسين.</marcxml:subfield>
    </marcxml:datafield>
    <marcxml:datafield tag="245" ind1="1" ind2="3">
      <marcxml:subfield code="6">880-02</marcxml:subfield>
      <marcxml:subfield code="a">al-ʻAwlamah wa-āthāruhā fī al-waṭan al-ʻArabī /</marcxml:subfield>
      <marcxml:subfield code="c">Suhayl Ḥusayn al-Fatlāwī.</marcxml:subfield>
    </marcxml:datafield>
    <marcxml:datafield tag="880" ind1="1" ind2="2">
      <marcxml:subfield code="6">245-02/</marcxml:subfield>
      <marcxml:subfield code="a">العولمة وآثارها في الوطن العربي /</marcxml:subfield>
      <marcxml:subfield code="c">سهيل حسين الفتلاوي.</marcxml:subfield>
    </marcxml:datafield>
    <marcxml:datafield tag="250" ind1=" " ind2=" ">
      <marcxml:subfield code="6">880-03</marcxml:subfield>
      <marcxml:subfield code="a">al-Ṭabʻah 1.</marcxml:subfield>
    </marcxml:datafield>
    <marcxml:datafield tag="880" ind1=" " ind2=" ">
      <marcxml:subfield code="6">250-03/</marcxml:subfield>
      <marcxml:subfield code="a">الطبعة 1.</marcxml:subfield>
    </marcxml:datafield>
    <marcxml:datafield tag="260" ind1=" " ind2=" ">
      <marcxml:subfield code="6">880-04</marcxml:subfield>
      <marcxml:subfield code="a">ʻAmmān :</marcxml:subfield>
      <marcxml:subfield code="b">Dār al-Thaqāfah,</marcxml:subfield>
      <marcxml:subfield code="c">2009.</marcxml:subfield>
    </marcxml:datafield>
    <marcxml:datafield tag="880" ind1=" " ind2=" ">
      <marcxml:subfield code="6">260-04/</marcxml:subfield>
      <marcxml:subfield code="a">عمان :</marcxml:subfield>
      <marcxml:subfield code="b">دار الثقافة،</marcxml:subfield>
      <marcxml:subfield code="c">2009.</marcxml:subfield>
    </marcxml:datafield>
    <marcxml:datafield tag="300" ind1=" " ind2=" ">
      <marcxml:subfield code="a">368 p. ;</marcxml:subfield>
      <marcxml:subfield code="c">25 cm.</marcxml:subfield>
    </marcxml:datafield>
    <marcxml:datafield tag="504" ind1=" " ind2=" ">
      <marcxml:subfield code="a">Includes bibliographical refererences (p. 357-368).</marcxml:subfield>
    </marcxml:datafield>
    <marcxml:datafield tag="650" ind1=" " ind2="0">
      <marcxml:subfield code="a">Globalization</marcxml:subfield>
      <marcxml:subfield code="z">Arab countries.</marcxml:subfield>
    </marcxml:datafield>
    <marcxml:datafield tag="651" ind1=" " ind2="0">
      <marcxml:subfield code="a">Arab countries</marcxml:subfield>
      <marcxml:subfield code="x">Economic conditions.</marcxml:subfield>
    </marcxml:datafield>
    <marcxml:datafield tag="651" ind1=" " ind2="0">
      <marcxml:subfield code="a">Arab countries</marcxml:subfield>
      <marcxml:subfield code="x">Politics and government</marcxml:subfield>
      <marcxml:subfield code="y">1945-</marcxml:subfield>
    </marcxml:datafield>
    <marcxml:datafield tag="583" ind1="1" ind2=" ">
      <marcxml:subfield code="a">committed to retain</marcxml:subfield>
      <marcxml:subfield code="c">20181001</marcxml:subfield>
      <marcxml:subfield code="d">in perpetuity</marcxml:subfield>
      <marcxml:subfield code="f">ReCAP Shared Collection</marcxml:subfield>
      <marcxml:subfield code="5">HUL</marcxml:subfield>
      <marcxml:subfield code="8">222129983470003941</marcxml:subfield>
    </marcxml:datafield>
    <marcxml:datafield tag="852" ind1="0" ind2=" ">
      <marcxml:subfield code="c">HD</marcxml:subfield>
      <marcxml:subfield code="h">JZ1318</marcxml:subfield>
      <marcxml:subfield code="i">.F385 2009x</marcxml:subfield>
      <marcxml:subfield code="8">222129983470003941</marcxml:subfield>
      <marcxml:subfield code="0">11242238</marcxml:subfield>
      <marcxml:subfield code="b">scsbhl</marcxml:subfield>
    </marcxml:datafield>
    <marcxml:datafield tag="876" ind1=" " ind2=" ">
      <marcxml:subfield code="0">11242238</marcxml:subfield>
      <marcxml:subfield code="3"/>
      <marcxml:subfield code="a">16970571</marcxml:subfield>
      <marcxml:subfield code="h"/>
      <marcxml:subfield code="j">Available</marcxml:subfield>
      <marcxml:subfield code="k">LAW</marcxml:subfield>
      <marcxml:subfield code="p">32044123089237</marcxml:subfield>
      <marcxml:subfield code="t"/>
      <marcxml:subfield code="x">Shared</marcxml:subfield>
      <marcxml:subfield code="z">HL</marcxml:subfield>
      <marcxml:subfield code="l">HD</marcxml:subfield>
    </marcxml:datafield>
  </marcxml:record>