
  <marcxml:record>
    <marcxml:leader>00000cam a2200385 i 4500</marcxml:leader>
    <marcxml:controlfield tag="001">SCSB-10501598</marcxml:controlfield>
    <marcxml:controlfield tag="005">20170508124053.0</marcxml:controlfield>
    <marcxml:controlfield tag="008">170206s2016    sy       b   f000 0 ara  </marcxml:controlfield>
    <marcxml:controlfield tag="009">990149479010203941</marcxml:controlfield>
    <marcxml:datafield tag="010" ind1=" " ind2=" ">
      <marcxml:subfield code="a">^^2016346807</marcxml:subfield>
    </marcxml:datafield>
    <marcxml:datafield tag="035" ind1=" " ind2=" ">
      <marcxml:subfield code="a">(OCoLC)971615060</marcxml:subfield>
    </marcxml:datafield>
    <marcxml:datafield tag="037" ind1=" " ind2=" ">
      <marcxml:subfield code="c">08.40 USD</marcxml:subfield>
    </marcxml:datafield>
    <marcxml:datafield tag="040" ind1=" " ind2=" ">
      <marcxml:subfield code="a">DLC</marcxml:subfield>
      <marcxml:subfield code="b">eng</marcxml:subfield>
      <marcxml:subfield code="e">rda</marcxml:subfield>
      <marcxml:subfield code="c">DLC</marcxml:subfield>
      <marcxml:subfield code="d">OCLCO</marcxml:subfield>
    </marcxml:datafield>
    <marcxml:datafield tag="042" ind1=" " ind2=" ">
      <marcxml:subfield code="a">pcc</marcxml:subfield>
      <marcxml:subfield code="a">lcode</marcxml:subfield>
    </marcxml:datafield>
    <marcxml:datafield tag="043" ind1=" " ind2=" ">
      <marcxml:subfield code="a">a-sy---</marcxml:subfield>
    </marcxml:datafield>
    <marcxml:datafield tag="050" ind1="0" ind2="0">
      <marcxml:subfield code="a">PJ8102</marcxml:subfield>
      <marcxml:subfield code="b">.J34 2016</marcxml:subfield>
    </marcxml:datafield>
    <marcxml:datafield tag="100" ind1="1" ind2=" ">
      <marcxml:subfield code="6">880-01</marcxml:subfield>
      <marcxml:subfield code="a">Jaʻfar, Nadhīr,</marcxml:subfield>
      <marcxml:subfield code="e">author.</marcxml:subfield>
    </marcxml:datafield>
    <marcxml:datafield tag="880" ind1="1" ind2=" ">
      <marcxml:subfield code="6">100-01/</marcxml:subfield>
      <marcxml:subfield code="a">جعفر، نذير.</marcxml:subfield>
    </marcxml:datafield>
    <marcxml:datafield tag="245" ind1="1" ind2="0">
      <marcxml:subfield code="6">880-02</marcxml:subfield>
      <marcxml:subfield code="a">ʻAwālim riwāʼīyah :</marcxml:subfield>
      <marcxml:subfield code="b">fī mirʼāt al-naqd al-taṭbīqī /</marcxml:subfield>
      <marcxml:subfield code="c">Nadhīr Jaʻfar.</marcxml:subfield>
    </marcxml:datafield>
    <marcxml:datafield tag="880" ind1="1" ind2="0">
      <marcxml:subfield code="6">245-02/</marcxml:subfield>
      <marcxml:subfield code="a">عوالم روائية :</marcxml:subfield>
      <marcxml:subfield code="b">في مرآة النقد التطبيقي /</marcxml:subfield>
      <marcxml:subfield code="c">نذير جعفر.</marcxml:subfield>
    </marcxml:datafield>
    <marcxml:datafield tag="250" ind1=" " ind2=" ">
      <marcxml:subfield code="6">880-03</marcxml:subfield>
      <marcxml:subfield code="a">al-Ṭabʻah al-ūlá.</marcxml:subfield>
    </marcxml:datafield>
    <marcxml:datafield tag="880" ind1=" " ind2=" ">
      <marcxml:subfield code="6">250-03/</marcxml:subfield>
      <marcxml:subfield code="a">الطبعة الأولى.</marcxml:subfield>
    </marcxml:datafield>
    <marcxml:datafield tag="264" ind1=" " ind2="1">
      <marcxml:subfield code="6">880-04</marcxml:subfield>
      <marcxml:subfield code="a">Dimashq :</marcxml:subfield>
      <marcxml:subfield code="b">al-Hayʼah al-ʻĀmmah al-Sūrīyah lil-Kitāb, Wizārat al-Thaqāfah,</marcxml:subfield>
      <marcxml:subfield code="c">2016.</marcxml:subfield>
    </marcxml:datafield>
    <marcxml:datafield tag="880" ind1=" " ind2="1">
      <marcxml:subfield code="6">264-04/</marcxml:subfield>
      <marcxml:subfield code="a">دمشق :</marcxml:subfield>
      <marcxml:subfield code="b">الهيئة العامة السورية للكتاب، وزارة الثقافة،</marcxml:subfield>
      <marcxml:subfield code="c">2016.</marcxml:subfield>
    </marcxml:datafield>
    <marcxml:datafield tag="300" ind1=" " ind2=" ">
      <marcxml:subfield code="a">406 pages ;</marcxml:subfield>
      <marcxml:subfield code="c">19 cm</marcxml:subfield>
    </marcxml:datafield>
    <marcxml:datafield tag="336" ind1=" " ind2=" ">
      <marcxml:subfield code="a">text</marcxml:subfield>
      <marcxml:subfield code="b">txt</marcxml:subfield>
      <marcxml:subfield code="2">rdacontent</marcxml:subfield>
    </marcxml:datafield>
    <marcxml:datafield tag="337" ind1=" " ind2=" ">
      <marcxml:subfield code="a">unmediated</marcxml:subfield>
      <marcxml:subfield code="b">n</marcxml:subfield>
      <marcxml:subfield code="2">rdamedia</marcxml:subfield>
    </marcxml:datafield>
    <marcxml:datafield tag="338" ind1=" " ind2=" ">
      <marcxml:subfield code="a">volume</marcxml:subfield>
      <marcxml:subfield code="b">nc</marcxml:subfield>
      <marcxml:subfield code="2">rdacarrier</marcxml:subfield>
    </marcxml:datafield>
    <marcxml:datafield tag="504" ind1=" " ind2=" ">
      <marcxml:subfield code="a">Includes bibliographical references (pages 387-402).</marcxml:subfield>
    </marcxml:datafield>
    <marcxml:datafield tag="520" ind1=" " ind2=" ">
      <marcxml:subfield code="a">Arabic fiction; Syria; history and criticism; novelists; Syria; biography.</marcxml:subfield>
    </marcxml:datafield>
    <marcxml:datafield tag="650" ind1=" " ind2="0">
      <marcxml:subfield code="a">Arabic fiction</marcxml:subfield>
      <marcxml:subfield code="z">Syria</marcxml:subfield>
      <marcxml:subfield code="x">History and criticism.</marcxml:subfield>
    </marcxml:datafield>
    <marcxml:datafield tag="650" ind1=" " ind2="0">
      <marcxml:subfield code="a">Arabic fiction</marcxml:subfield>
      <marcxml:subfield code="y">20th century</marcxml:subfield>
      <marcxml:subfield code="x">History and criticism.</marcxml:subfield>
    </marcxml:datafield>
    <marcxml:datafield tag="650" ind1=" " ind2="0">
      <marcxml:subfield code="a">Novelists, Arab</marcxml:subfield>
      <marcxml:subfield code="z">Syria.</marcxml:subfield>
    </marcxml:datafield>
    <marcxml:datafield tag="648" ind1=" " ind2="7">
      <marcxml:subfield code="a">1900-1999</marcxml:subfield>
      <marcxml:subfield code="2">fast</marcxml:subfield>
    </marcxml:datafield>
    <marcxml:datafield tag="655" ind1=" " ind2="7">
      <marcxml:subfield code="a">Criticism, interpretation, etc.</marcxml:subfield>
      <marcxml:subfield code="2">fast</marcxml:subfield>
      <marcxml:subfield code="0">(OCoLC)fst01411635</marcxml:subfield>
    </marcxml:datafield>
    <marcxml:datafield tag="752" ind1=" " ind2=" ">
      <marcxml:subfield code="a">Syria</marcxml:subfield>
      <marcxml:subfield code="d">Damascus.</marcxml:subfield>
    </marcxml:datafield>
    <marcxml:datafield tag="901" ind1=" " ind2=" ">
      <marcxml:subfield code="a">edcca57a-d9e2-41f5-b64a-fbb353da3ed3</marcxml:subfield>
      <marcxml:subfield code="b">13</marcxml:subfield>
      <marcxml:subfield code="c">false</marcxml:subfield>
    </marcxml:datafield>
    <marcxml:datafield tag="852" ind1="0" ind2=" ">
      <marcxml:subfield code="c">HD</marcxml:subfield>
      <marcxml:subfield code="h">PJ8102</marcxml:subfield>
      <marcxml:subfield code="i">.J34 2016</marcxml:subfield>
      <marcxml:subfield code="0">11282892</marcxml:subfield>
      <marcxml:subfield code="b">scsbhl</marcxml:subfield>
    </marcxml:datafield>
    <marcxml:datafield tag="876" ind1=" " ind2=" ">
      <marcxml:subfield code="0">11282892</marcxml:subfield>
      <marcxml:subfield code="3"/>
      <marcxml:subfield code="a">17014603</marcxml:subfield>
      <marcxml:subfield code="h"> </marcxml:subfield>
      <marcxml:subfield code="j">Available</marcxml:subfield>
      <marcxml:subfield code="k">WID</marcxml:subfield>
      <marcxml:subfield code="p">32044139000921</marcxml:subfield>
      <marcxml:subfield code="t"/>
      <marcxml:subfield code="x">Open</marcxml:subfield>
      <marcxml:subfield code="z">HW</marcxml:subfield>
      <marcxml:subfield code="l">HD</marcxml:subfield>
    </marcxml:datafield>
  </marcxml:record>