
  <marcxml:record>
    <marcxml:leader>00973nam a2200277 a 4500</marcxml:leader>
    <marcxml:controlfield tag="001">SCSB-10503531</marcxml:controlfield>
    <marcxml:controlfield tag="005">20020606104010.5</marcxml:controlfield>
    <marcxml:controlfield tag="008">010328s1986    sy abe   b    000|0 ara d</marcxml:controlfield>
    <marcxml:controlfield tag="009">990086019180203941</marcxml:controlfield>
    <marcxml:datafield tag="035" ind1=" " ind2=" ">
      <marcxml:subfield code="a">(OCoLC)18337852</marcxml:subfield>
    </marcxml:datafield>
    <marcxml:datafield tag="040" ind1=" " ind2=" ">
      <marcxml:subfield code="a">MYG</marcxml:subfield>
      <marcxml:subfield code="c">MYG</marcxml:subfield>
      <marcxml:subfield code="d">OCL</marcxml:subfield>
    </marcxml:datafield>
    <marcxml:datafield tag="041" ind1="1" ind2=" ">
      <marcxml:subfield code="a">ara</marcxml:subfield>
      <marcxml:subfield code="h">fre</marcxml:subfield>
    </marcxml:datafield>
    <marcxml:datafield tag="043" ind1=" " ind2=" ">
      <marcxml:subfield code="a">ma-----</marcxml:subfield>
    </marcxml:datafield>
    <marcxml:datafield tag="050" ind1=" " ind2="4">
      <marcxml:subfield code="a">HT147.5</marcxml:subfield>
      <marcxml:subfield code="b">.R3812 1986</marcxml:subfield>
    </marcxml:datafield>
    <marcxml:datafield tag="090" ind1=" " ind2=" ">
      <marcxml:subfield code="a">HT147.5</marcxml:subfield>
      <marcxml:subfield code="b">.R3812 1986</marcxml:subfield>
    </marcxml:datafield>
    <marcxml:datafield tag="100" ind1="1" ind2=" ">
      <marcxml:subfield code="a">Raymond, André</marcxml:subfield>
    </marcxml:datafield>
    <marcxml:datafield tag="240" ind1="1" ind2="0">
      <marcxml:subfield code="a">Grandes villes arabes à l'époque ottomane.</marcxml:subfield>
      <marcxml:subfield code="l">Arabic</marcxml:subfield>
    </marcxml:datafield>
    <marcxml:datafield tag="245" ind1="1" ind2="3">
      <marcxml:subfield code="a">al-ʻAwaṣim al-ʻArabīyah :</marcxml:subfield>
      <marcxml:subfield code="b">ʻimāratuhā wa imrānuhā Fī al-Fatrah al-ʻUthmānīyah /</marcxml:subfield>
      <marcxml:subfield code="c">taʻlīf Anrīh Rimūn ; taʻrīb Qāsin Ṭuwayr.</marcxml:subfield>
    </marcxml:datafield>
    <marcxml:datafield tag="250" ind1=" " ind2=" ">
      <marcxml:subfield code="a">al-Ṭabʻah 1.</marcxml:subfield>
    </marcxml:datafield>
    <marcxml:datafield tag="260" ind1=" " ind2=" ">
      <marcxml:subfield code="a">[Dimashq] :</marcxml:subfield>
      <marcxml:subfield code="b">Dār al-Majd,</marcxml:subfield>
      <marcxml:subfield code="c">1986.</marcxml:subfield>
    </marcxml:datafield>
    <marcxml:datafield tag="300" ind1=" " ind2=" ">
      <marcxml:subfield code="a">164, [2] p. :</marcxml:subfield>
      <marcxml:subfield code="b">ill., maps, plans ;</marcxml:subfield>
      <marcxml:subfield code="c">26 cm.</marcxml:subfield>
    </marcxml:datafield>
    <marcxml:datafield tag="500" ind1=" " ind2=" ">
      <marcxml:subfield code="a">Translation of: Grandes villes arabes à l'époque ottomane.</marcxml:subfield>
    </marcxml:datafield>
    <marcxml:datafield tag="504" ind1=" " ind2=" ">
      <marcxml:subfield code="a">Includes bibliographies.</marcxml:subfield>
    </marcxml:datafield>
    <marcxml:datafield tag="650" ind1=" " ind2="0">
      <marcxml:subfield code="a">Cities and towns</marcxml:subfield>
      <marcxml:subfield code="z">Arab countries</marcxml:subfield>
    </marcxml:datafield>
    <marcxml:datafield tag="651" ind1=" " ind2="0">
      <marcxml:subfield code="a">Arab countries</marcxml:subfield>
      <marcxml:subfield code="x">Social conditions.</marcxml:subfield>
    </marcxml:datafield>
    <marcxml:datafield tag="752" ind1=" " ind2=" ">
      <marcxml:subfield code="a">Syria</marcxml:subfield>
      <marcxml:subfield code="d">Damascus.</marcxml:subfield>
    </marcxml:datafield>
    <marcxml:datafield tag="583" ind1="1" ind2=" ">
      <marcxml:subfield code="a">committed to retain</marcxml:subfield>
      <marcxml:subfield code="c">20181001</marcxml:subfield>
      <marcxml:subfield code="d">in perpetuity</marcxml:subfield>
      <marcxml:subfield code="f">ReCAP Shared Collection</marcxml:subfield>
      <marcxml:subfield code="5">HUL</marcxml:subfield>
      <marcxml:subfield code="8">222057184440003941</marcxml:subfield>
    </marcxml:datafield>
    <marcxml:datafield tag="852" ind1="0" ind2=" ">
      <marcxml:subfield code="c">HD</marcxml:subfield>
      <marcxml:subfield code="h">HT147.5</marcxml:subfield>
      <marcxml:subfield code="i">.R3812 1986x</marcxml:subfield>
      <marcxml:subfield code="0">11284908</marcxml:subfield>
      <marcxml:subfield code="b">scsbhl</marcxml:subfield>
    </marcxml:datafield>
    <marcxml:datafield tag="876" ind1=" " ind2=" ">
      <marcxml:subfield code="0">11284908</marcxml:subfield>
      <marcxml:subfield code="3"/>
      <marcxml:subfield code="a">17016651</marcxml:subfield>
      <marcxml:subfield code="h"> </marcxml:subfield>
      <marcxml:subfield code="j">Available</marcxml:subfield>
      <marcxml:subfield code="k">WID</marcxml:subfield>
      <marcxml:subfield code="p">HX87IM</marcxml:subfield>
      <marcxml:subfield code="t"/>
      <marcxml:subfield code="x">Shared</marcxml:subfield>
      <marcxml:subfield code="z">HW</marcxml:subfield>
      <marcxml:subfield code="l">HD</marcxml:subfield>
    </marcxml:datafield>
  </marcxml:record>