
  <marcxml:record>
    <marcxml:leader>00650cam a2200205Ma 4500</marcxml:leader>
    <marcxml:controlfield tag="001">SCSB-10512221</marcxml:controlfield>
    <marcxml:controlfield tag="005">20020606093309.7</marcxml:controlfield>
    <marcxml:controlfield tag="008">871215q19801987ir            00010 ara d</marcxml:controlfield>
    <marcxml:controlfield tag="009">990021893200203941</marcxml:controlfield>
    <marcxml:datafield tag="035" ind1=" " ind2=" ">
      <marcxml:subfield code="a">(OCoLC)23695372</marcxml:subfield>
    </marcxml:datafield>
    <marcxml:datafield tag="040" ind1=" " ind2=" ">
      <marcxml:subfield code="a">PUL</marcxml:subfield>
      <marcxml:subfield code="c">PUL</marcxml:subfield>
      <marcxml:subfield code="d">HLS</marcxml:subfield>
    </marcxml:datafield>
    <marcxml:datafield tag="090" ind1=" " ind2=" ">
      <marcxml:subfield code="a">x</marcxml:subfield>
    </marcxml:datafield>
    <marcxml:datafield tag="100" ind1="1" ind2=" ">
      <marcxml:subfield code="a">Nirāqī, Aḥmad ibn Muḥammad Mahdī,</marcxml:subfield>
      <marcxml:subfield code="d">1771 or 1772-1828 or 1829.</marcxml:subfield>
    </marcxml:datafield>
    <marcxml:datafield tag="245" ind1="1" ind2="0">
      <marcxml:subfield code="a">ʻAwāʼid al-ayyām /</marcxml:subfield>
      <marcxml:subfield code="c">taʼlīf al-Nirāqī, Aḥmad ibn Muḥammad Mahdī ibn Abī Dharr.</marcxml:subfield>
    </marcxml:datafield>
    <marcxml:datafield tag="260" ind1=" " ind2=" ">
      <marcxml:subfield code="a">[Qum?] :</marcxml:subfield>
      <marcxml:subfield code="b">Maktabat Baṣīratī,</marcxml:subfield>
      <marcxml:subfield code="c">[198-?]</marcxml:subfield>
    </marcxml:datafield>
    <marcxml:datafield tag="300" ind1=" " ind2=" ">
      <marcxml:subfield code="a">302 p. ;</marcxml:subfield>
      <marcxml:subfield code="c">25 cm.</marcxml:subfield>
    </marcxml:datafield>
    <marcxml:datafield tag="500" ind1=" " ind2=" ">
      <marcxml:subfield code="a">Reproduced from ms.</marcxml:subfield>
    </marcxml:datafield>
    <marcxml:datafield tag="650" ind1=" " ind2="0">
      <marcxml:subfield code="a">Islamic law</marcxml:subfield>
      <marcxml:subfield code="x">Interpretation and construction.</marcxml:subfield>
    </marcxml:datafield>
    <marcxml:datafield tag="650" ind1=" " ind2="0">
      <marcxml:subfield code="a">Shiites</marcxml:subfield>
    </marcxml:datafield>
    <marcxml:datafield tag="901" ind1=" " ind2=" ">
      <marcxml:subfield code="a">a9807f73-f98b-4629-935c-ea48e4484a84</marcxml:subfield>
      <marcxml:subfield code="b">9</marcxml:subfield>
      <marcxml:subfield code="c">false</marcxml:subfield>
    </marcxml:datafield>
    <marcxml:datafield tag="852" ind1="0" ind2=" ">
      <marcxml:subfield code="c">HD</marcxml:subfield>
      <marcxml:subfield code="h">x</marcxml:subfield>
      <marcxml:subfield code="0">11293881</marcxml:subfield>
      <marcxml:subfield code="b">scsbhl</marcxml:subfield>
    </marcxml:datafield>
    <marcxml:datafield tag="876" ind1=" " ind2=" ">
      <marcxml:subfield code="0">11293881</marcxml:subfield>
      <marcxml:subfield code="3"/>
      <marcxml:subfield code="a">17026094</marcxml:subfield>
      <marcxml:subfield code="h"> </marcxml:subfield>
      <marcxml:subfield code="j">Available</marcxml:subfield>
      <marcxml:subfield code="k">WID</marcxml:subfield>
      <marcxml:subfield code="p">HW70TQ</marcxml:subfield>
      <marcxml:subfield code="t"/>
      <marcxml:subfield code="x">Open</marcxml:subfield>
      <marcxml:subfield code="z">HW</marcxml:subfield>
      <marcxml:subfield code="l">HD</marcxml:subfield>
    </marcxml:datafield>
  </marcxml:record>