
  <marcxml:record>
    <marcxml:leader>00000nam a2200181 a 4500</marcxml:leader>
    <marcxml:controlfield tag="001">SCSB-10512867</marcxml:controlfield>
    <marcxml:controlfield tag="005">20050831125130.0</marcxml:controlfield>
    <marcxml:controlfield tag="008">050708s2005    ua       b    000 0 arard</marcxml:controlfield>
    <marcxml:controlfield tag="009">990097496360203941</marcxml:controlfield>
    <marcxml:datafield tag="020" ind1=" " ind2=" ">
      <marcxml:subfield code="a">9772794233</marcxml:subfield>
    </marcxml:datafield>
    <marcxml:datafield tag="035" ind1=" " ind2=" ">
      <marcxml:subfield code="a">(OCoLC)63902122</marcxml:subfield>
    </marcxml:datafield>
    <marcxml:datafield tag="040" ind1=" " ind2=" ">
      <marcxml:subfield code="a">EG-CaLB</marcxml:subfield>
    </marcxml:datafield>
    <marcxml:datafield tag="050" ind1=" " ind2="4">
      <marcxml:subfield code="a">JZ1318</marcxml:subfield>
      <marcxml:subfield code="b">.J39 2005</marcxml:subfield>
    </marcxml:datafield>
    <marcxml:datafield tag="100" ind1="1" ind2=" ">
      <marcxml:subfield code="a">Jawharī, Muḥammad al-Jawharī Ḥamad</marcxml:subfield>
    </marcxml:datafield>
    <marcxml:datafield tag="245" ind1="1" ind2="3">
      <marcxml:subfield code="a">al-ʻAwlamah wa-al-thaqāfah al-Islāmīyah /</marcxml:subfield>
      <marcxml:subfield code="c">Muḥammad al-Jawharī Ḥamad Jawharī.</marcxml:subfield>
    </marcxml:datafield>
    <marcxml:datafield tag="260" ind1=" " ind2=" ">
      <marcxml:subfield code="a">al-Qāhirah :</marcxml:subfield>
      <marcxml:subfield code="b">Dār al-Amīn lil-Nashr wa-al-Tawzīʻ,</marcxml:subfield>
      <marcxml:subfield code="c">2005.</marcxml:subfield>
    </marcxml:datafield>
    <marcxml:datafield tag="300" ind1=" " ind2=" ">
      <marcxml:subfield code="a">183 p. ;</marcxml:subfield>
      <marcxml:subfield code="c">24 cm.</marcxml:subfield>
    </marcxml:datafield>
    <marcxml:datafield tag="504" ind1=" " ind2=" ">
      <marcxml:subfield code="a">Includes bibliographical references (p. 182-183).</marcxml:subfield>
    </marcxml:datafield>
    <marcxml:datafield tag="650" ind1=" " ind2="0">
      <marcxml:subfield code="a">Globalization</marcxml:subfield>
      <marcxml:subfield code="x">Religious aspects</marcxml:subfield>
      <marcxml:subfield code="x">Islam</marcxml:subfield>
    </marcxml:datafield>
    <marcxml:datafield tag="650" ind1=" " ind2="0">
      <marcxml:subfield code="a">Islam and world politics</marcxml:subfield>
    </marcxml:datafield>
    <marcxml:datafield tag="650" ind1=" " ind2="0">
      <marcxml:subfield code="a">Islam</marcxml:subfield>
      <marcxml:subfield code="y">20th century</marcxml:subfield>
    </marcxml:datafield>
    <marcxml:datafield tag="648" ind1=" " ind2="7">
      <marcxml:subfield code="a">1900-1999</marcxml:subfield>
      <marcxml:subfield code="2">fast</marcxml:subfield>
    </marcxml:datafield>
    <marcxml:datafield tag="752" ind1=" " ind2=" ">
      <marcxml:subfield code="a">Egypt</marcxml:subfield>
      <marcxml:subfield code="d">Cairo.</marcxml:subfield>
    </marcxml:datafield>
    <marcxml:datafield tag="583" ind1="1" ind2=" ">
      <marcxml:subfield code="a">committed to retain</marcxml:subfield>
      <marcxml:subfield code="c">20181001</marcxml:subfield>
      <marcxml:subfield code="d">in perpetuity</marcxml:subfield>
      <marcxml:subfield code="f">ReCAP Shared Collection</marcxml:subfield>
      <marcxml:subfield code="5">HUL</marcxml:subfield>
      <marcxml:subfield code="8">222083692590003941</marcxml:subfield>
    </marcxml:datafield>
    <marcxml:datafield tag="852" ind1="0" ind2=" ">
      <marcxml:subfield code="c">HD</marcxml:subfield>
      <marcxml:subfield code="0">11294533</marcxml:subfield>
      <marcxml:subfield code="b">scsbhl</marcxml:subfield>
    </marcxml:datafield>
    <marcxml:datafield tag="876" ind1=" " ind2=" ">
      <marcxml:subfield code="0">11294533</marcxml:subfield>
      <marcxml:subfield code="3"/>
      <marcxml:subfield code="a">17026766</marcxml:subfield>
      <marcxml:subfield code="h"> </marcxml:subfield>
      <marcxml:subfield code="j">Available</marcxml:subfield>
      <marcxml:subfield code="k">WID</marcxml:subfield>
      <marcxml:subfield code="p">HXV163</marcxml:subfield>
      <marcxml:subfield code="t"/>
      <marcxml:subfield code="x">Shared</marcxml:subfield>
      <marcxml:subfield code="z">HW</marcxml:subfield>
      <marcxml:subfield code="l">HD</marcxml:subfield>
    </marcxml:datafield>
  </marcxml:record>