
  <marcxml:record>
    <marcxml:leader>00471nam a2200169 a 4500</marcxml:leader>
    <marcxml:controlfield tag="001">SCSB-10515329</marcxml:controlfield>
    <marcxml:controlfield tag="005">20020606163548.3</marcxml:controlfield>
    <marcxml:controlfield tag="008">950822s1996    jo           f00011 ara d</marcxml:controlfield>
    <marcxml:controlfield tag="009">990074157040203941</marcxml:controlfield>
    <marcxml:datafield tag="035" ind1=" " ind2=" ">
      <marcxml:subfield code="a">(OCoLC)36530614</marcxml:subfield>
      <marcxml:subfield code="z">(OCoLC)187458212</marcxml:subfield>
    </marcxml:datafield>
    <marcxml:datafield tag="050" ind1=" " ind2="4">
      <marcxml:subfield code="a">PJ7848.Z35</marcxml:subfield>
      <marcxml:subfield code="b">A95 1996</marcxml:subfield>
    </marcxml:datafield>
    <marcxml:datafield tag="100" ind1="1" ind2=" ">
      <marcxml:subfield code="a">Muḥammad, Zakarīyā,</marcxml:subfield>
      <marcxml:subfield code="d">1951-</marcxml:subfield>
    </marcxml:datafield>
    <marcxml:datafield tag="245" ind1="1" ind2="3">
      <marcxml:subfield code="a">al-ʻAyn al-muʻtimah :</marcxml:subfield>
      <marcxml:subfield code="b">riwāyah /</marcxml:subfield>
      <marcxml:subfield code="c">Zakarīyā Muḥammad.</marcxml:subfield>
    </marcxml:datafield>
    <marcxml:datafield tag="246" ind1="1" ind2="4">
      <marcxml:subfield code="a">Obscure eye</marcxml:subfield>
    </marcxml:datafield>
    <marcxml:datafield tag="250" ind1=" " ind2=" ">
      <marcxml:subfield code="a">al-Ṭabʻah 1.</marcxml:subfield>
    </marcxml:datafield>
    <marcxml:datafield tag="260" ind1=" " ind2=" ">
      <marcxml:subfield code="a">ʻAmmān :</marcxml:subfield>
      <marcxml:subfield code="b">Wizārat al-Thaqāfah,</marcxml:subfield>
      <marcxml:subfield code="c">1996.</marcxml:subfield>
    </marcxml:datafield>
    <marcxml:datafield tag="300" ind1=" " ind2=" ">
      <marcxml:subfield code="a">108 p. ;</marcxml:subfield>
      <marcxml:subfield code="c">20 cm.</marcxml:subfield>
    </marcxml:datafield>
    <marcxml:datafield tag="500" ind1=" " ind2=" ">
      <marcxml:subfield code="a">Novel.</marcxml:subfield>
    </marcxml:datafield>
    <marcxml:datafield tag="650" ind1=" " ind2="0">
      <marcxml:subfield code="a">Arabic fiction</marcxml:subfield>
    </marcxml:datafield>
    <marcxml:datafield tag="776" ind1="0" ind2="8">
      <marcxml:subfield code="i">Online version:</marcxml:subfield>
      <marcxml:subfield code="a">Muḥammad, Zakarīyā, 1951-</marcxml:subfield>
      <marcxml:subfield code="t">Ayn al-muʻtimah.</marcxml:subfield>
      <marcxml:subfield code="b">al-Ṭabʻah 1.</marcxml:subfield>
      <marcxml:subfield code="d">ʻAmmān : Wizārat al-Thaqāfah, 1996</marcxml:subfield>
      <marcxml:subfield code="w">(OCoLC)654192834</marcxml:subfield>
    </marcxml:datafield>
    <marcxml:datafield tag="583" ind1="1" ind2=" ">
      <marcxml:subfield code="a">committed to retain</marcxml:subfield>
      <marcxml:subfield code="c">20181001</marcxml:subfield>
      <marcxml:subfield code="d">in perpetuity</marcxml:subfield>
      <marcxml:subfield code="f">ReCAP Shared Collection</marcxml:subfield>
      <marcxml:subfield code="5">HUL</marcxml:subfield>
      <marcxml:subfield code="8">222014729800003941</marcxml:subfield>
    </marcxml:datafield>
    <marcxml:datafield tag="583" ind1="1" ind2=" ">
      <marcxml:subfield code="a">committed to retain</marcxml:subfield>
      <marcxml:subfield code="c">20170930</marcxml:subfield>
      <marcxml:subfield code="d">20421231</marcxml:subfield>
      <marcxml:subfield code="f">HathiTrust</marcxml:subfield>
      <marcxml:subfield code="5">HUL</marcxml:subfield>
      <marcxml:subfield code="8">222014729800003941</marcxml:subfield>
    </marcxml:datafield>
    <marcxml:datafield tag="852" ind1="0" ind2=" ">
      <marcxml:subfield code="c">HD</marcxml:subfield>
      <marcxml:subfield code="h">PJ7848.Z35</marcxml:subfield>
      <marcxml:subfield code="i">A95 1996</marcxml:subfield>
      <marcxml:subfield code="0">11297063</marcxml:subfield>
      <marcxml:subfield code="b">scsbhl</marcxml:subfield>
    </marcxml:datafield>
    <marcxml:datafield tag="876" ind1=" " ind2=" ">
      <marcxml:subfield code="0">11297063</marcxml:subfield>
      <marcxml:subfield code="3"/>
      <marcxml:subfield code="a">17029414</marcxml:subfield>
      <marcxml:subfield code="h"> </marcxml:subfield>
      <marcxml:subfield code="j">Available</marcxml:subfield>
      <marcxml:subfield code="k">WID</marcxml:subfield>
      <marcxml:subfield code="p">HN8DPK</marcxml:subfield>
      <marcxml:subfield code="t"/>
      <marcxml:subfield code="x">Shared</marcxml:subfield>
      <marcxml:subfield code="z">HW</marcxml:subfield>
      <marcxml:subfield code="l">HD</marcxml:subfield>
    </marcxml:datafield>
  </marcxml:record>