
  <marcxml:record>
    <marcxml:leader>00000nam a2200313 i 4500</marcxml:leader>
    <marcxml:controlfield tag="001">SCSB-10517693</marcxml:controlfield>
    <marcxml:controlfield tag="005">20170511175624.0</marcxml:controlfield>
    <marcxml:controlfield tag="008">170418s2017    le            000 f ara d</marcxml:controlfield>
    <marcxml:controlfield tag="009">990150050600203941</marcxml:controlfield>
    <marcxml:datafield tag="020" ind1=" " ind2=" ">
      <marcxml:subfield code="a">9786140215306 :</marcxml:subfield>
      <marcxml:subfield code="c">$5.00</marcxml:subfield>
    </marcxml:datafield>
    <marcxml:datafield tag="035" ind1=" " ind2=" ">
      <marcxml:subfield code="a">(OCoLC)987578361</marcxml:subfield>
    </marcxml:datafield>
    <marcxml:datafield tag="040" ind1=" " ind2=" ">
      <marcxml:subfield code="b">eng</marcxml:subfield>
      <marcxml:subfield code="e">rda</marcxml:subfield>
    </marcxml:datafield>
    <marcxml:datafield tag="066" ind1=" " ind2=" ">
      <marcxml:subfield code="c">(3</marcxml:subfield>
    </marcxml:datafield>
    <marcxml:datafield tag="100" ind1="1" ind2=" ">
      <marcxml:subfield code="6">880-01</marcxml:subfield>
      <marcxml:subfield code="a">Maghribī, Jalāl,</marcxml:subfield>
      <marcxml:subfield code="e">author.</marcxml:subfield>
    </marcxml:datafield>
    <marcxml:datafield tag="880" ind1="1" ind2=" ">
      <marcxml:subfield code="6">100-01/</marcxml:subfield>
      <marcxml:subfield code="a">مغربي، جلال,</marcxml:subfield>
      <marcxml:subfield code="e">author.</marcxml:subfield>
    </marcxml:datafield>
    <marcxml:datafield tag="245" ind1="1" ind2="0">
      <marcxml:subfield code="6">880-05</marcxml:subfield>
      <marcxml:subfield code="a">ʻAwdah min al-ʻadam :</marcxml:subfield>
      <marcxml:subfield code="b">riwāyah /</marcxml:subfield>
      <marcxml:subfield code="c">Jalāl al-Maghribī, Sāmir ʻAwwād.</marcxml:subfield>
    </marcxml:datafield>
    <marcxml:datafield tag="880" ind1="1" ind2="0">
      <marcxml:subfield code="6">245-05/</marcxml:subfield>
      <marcxml:subfield code="a">عودة من العدم :</marcxml:subfield>
      <marcxml:subfield code="b">رواية /</marcxml:subfield>
      <marcxml:subfield code="c">جلال المغربي، سامر عواد.</marcxml:subfield>
    </marcxml:datafield>
    <marcxml:datafield tag="250" ind1=" " ind2=" ">
      <marcxml:subfield code="6">880-06</marcxml:subfield>
      <marcxml:subfield code="a">al-Ṭabʻah al-ūlá.</marcxml:subfield>
    </marcxml:datafield>
    <marcxml:datafield tag="880" ind1=" " ind2=" ">
      <marcxml:subfield code="6">250-06/</marcxml:subfield>
      <marcxml:subfield code="a">الطبعة الأولى.</marcxml:subfield>
    </marcxml:datafield>
    <marcxml:datafield tag="264" ind1=" " ind2="1">
      <marcxml:subfield code="6">880-07</marcxml:subfield>
      <marcxml:subfield code="a">Bayrūt :</marcxml:subfield>
      <marcxml:subfield code="b">Manshūrāt Ḍifāf,</marcxml:subfield>
      <marcxml:subfield code="c">2017.</marcxml:subfield>
    </marcxml:datafield>
    <marcxml:datafield tag="880" ind1=" " ind2="1">
      <marcxml:subfield code="6">264-07/</marcxml:subfield>
      <marcxml:subfield code="a">بيروت :</marcxml:subfield>
      <marcxml:subfield code="b">منشورات ضفاف،</marcxml:subfield>
      <marcxml:subfield code="c">2017.</marcxml:subfield>
    </marcxml:datafield>
    <marcxml:datafield tag="300" ind1=" " ind2=" ">
      <marcxml:subfield code="a">71 pages :</marcxml:subfield>
      <marcxml:subfield code="b">illustrations ;</marcxml:subfield>
      <marcxml:subfield code="c">21 cm</marcxml:subfield>
    </marcxml:datafield>
    <marcxml:datafield tag="336" ind1=" " ind2=" ">
      <marcxml:subfield code="a">text</marcxml:subfield>
      <marcxml:subfield code="b">txt</marcxml:subfield>
      <marcxml:subfield code="2">rdacontent</marcxml:subfield>
    </marcxml:datafield>
    <marcxml:datafield tag="337" ind1=" " ind2=" ">
      <marcxml:subfield code="a">unmediated</marcxml:subfield>
      <marcxml:subfield code="b">n</marcxml:subfield>
      <marcxml:subfield code="2">rdamedia</marcxml:subfield>
    </marcxml:datafield>
    <marcxml:datafield tag="338" ind1=" " ind2=" ">
      <marcxml:subfield code="a">volume</marcxml:subfield>
      <marcxml:subfield code="b">nc</marcxml:subfield>
      <marcxml:subfield code="2">rdacarrier</marcxml:subfield>
    </marcxml:datafield>
    <marcxml:datafield tag="500" ind1=" " ind2=" ">
      <marcxml:subfield code="a">Novel.</marcxml:subfield>
    </marcxml:datafield>
    <marcxml:datafield tag="700" ind1="1" ind2=" ">
      <marcxml:subfield code="6">880-09</marcxml:subfield>
      <marcxml:subfield code="a">ʻAwwād, Sāmir,</marcxml:subfield>
      <marcxml:subfield code="e">joint author.</marcxml:subfield>
    </marcxml:datafield>
    <marcxml:datafield tag="880" ind1="1" ind2=" ">
      <marcxml:subfield code="6">700-09/</marcxml:subfield>
      <marcxml:subfield code="a">عواد، سامر,</marcxml:subfield>
      <marcxml:subfield code="e">joint author.</marcxml:subfield>
    </marcxml:datafield>
    <marcxml:datafield tag="752" ind1=" " ind2=" ">
      <marcxml:subfield code="a">Lebanon</marcxml:subfield>
      <marcxml:subfield code="d">Beirut.</marcxml:subfield>
    </marcxml:datafield>
    <marcxml:datafield tag="583" ind1="1" ind2=" ">
      <marcxml:subfield code="a">committed to retain</marcxml:subfield>
      <marcxml:subfield code="c">20181001</marcxml:subfield>
      <marcxml:subfield code="d">in perpetuity</marcxml:subfield>
      <marcxml:subfield code="f">ReCAP Shared Collection</marcxml:subfield>
      <marcxml:subfield code="5">HUL</marcxml:subfield>
      <marcxml:subfield code="8">222188036160003941</marcxml:subfield>
    </marcxml:datafield>
    <marcxml:datafield tag="852" ind1="0" ind2=" ">
      <marcxml:subfield code="c">HD</marcxml:subfield>
      <marcxml:subfield code="8">222188036160003941</marcxml:subfield>
      <marcxml:subfield code="0">11299491</marcxml:subfield>
      <marcxml:subfield code="b">scsbhl</marcxml:subfield>
    </marcxml:datafield>
    <marcxml:datafield tag="876" ind1=" " ind2=" ">
      <marcxml:subfield code="0">11299491</marcxml:subfield>
      <marcxml:subfield code="3"/>
      <marcxml:subfield code="a">17031979</marcxml:subfield>
      <marcxml:subfield code="h"/>
      <marcxml:subfield code="j">Available</marcxml:subfield>
      <marcxml:subfield code="k">WID</marcxml:subfield>
      <marcxml:subfield code="p">32044138997481</marcxml:subfield>
      <marcxml:subfield code="t"/>
      <marcxml:subfield code="x">Shared</marcxml:subfield>
      <marcxml:subfield code="z">HW</marcxml:subfield>
      <marcxml:subfield code="l">HD</marcxml:subfield>
    </marcxml:datafield>
  </marcxml:record>