
  <marcxml:record>
    <marcxml:leader>00566nam a2200193 a 4500</marcxml:leader>
    <marcxml:controlfield tag="001">SCSB-10523581</marcxml:controlfield>
    <marcxml:controlfield tag="005">20020606163548.3</marcxml:controlfield>
    <marcxml:controlfield tag="008">880225s1993    ua           f00010 arard</marcxml:controlfield>
    <marcxml:controlfield tag="009">990062154130203941</marcxml:controlfield>
    <marcxml:datafield tag="020" ind1=" " ind2=" ">
      <marcxml:subfield code="z">9770141662</marcxml:subfield>
    </marcxml:datafield>
    <marcxml:datafield tag="035" ind1=" " ind2=" ">
      <marcxml:subfield code="a">(OCoLC)54216350</marcxml:subfield>
    </marcxml:datafield>
    <marcxml:datafield tag="100" ind1="1" ind2=" ">
      <marcxml:subfield code="a">Ḥamdī, Aḥmad.</marcxml:subfield>
    </marcxml:datafield>
    <marcxml:datafield tag="245" ind1="1" ind2="0">
      <marcxml:subfield code="a">ʻAwdī ilayy :</marcxml:subfield>
      <marcxml:subfield code="b">shiʻr /</marcxml:subfield>
      <marcxml:subfield code="c">Aḥmad Ḥamdī ; dirāsat Ibrāhīm ʻĪsá.</marcxml:subfield>
    </marcxml:datafield>
    <marcxml:datafield tag="260" ind1=" " ind2=" ">
      <marcxml:subfield code="a">[Cairo] :</marcxml:subfield>
      <marcxml:subfield code="b">al-Hayʾah al-Miṣrīyah al-ʻĀmmah lil-Kitāb,</marcxml:subfield>
      <marcxml:subfield code="c">1994.</marcxml:subfield>
    </marcxml:datafield>
    <marcxml:datafield tag="300" ind1=" " ind2=" ">
      <marcxml:subfield code="a">207 p. ;</marcxml:subfield>
      <marcxml:subfield code="c">20 cm.</marcxml:subfield>
    </marcxml:datafield>
    <marcxml:datafield tag="490" ind1="1" ind2=" ">
      <marcxml:subfield code="a">Ishrāqāt adabīyah ;</marcxml:subfield>
      <marcxml:subfield code="v">157</marcxml:subfield>
    </marcxml:datafield>
    <marcxml:datafield tag="500" ind1=" " ind2=" ">
      <marcxml:subfield code="a">Poems.</marcxml:subfield>
    </marcxml:datafield>
    <marcxml:datafield tag="700" ind1="1" ind2=" ">
      <marcxml:subfield code="a">ʻĪsá, Ibrāhīm.</marcxml:subfield>
    </marcxml:datafield>
    <marcxml:datafield tag="830" ind1=" " ind2="0">
      <marcxml:subfield code="a">Ishrāqāt adabīyah ;</marcxml:subfield>
      <marcxml:subfield code="v">157.</marcxml:subfield>
    </marcxml:datafield>
    <marcxml:datafield tag="583" ind1="1" ind2=" ">
      <marcxml:subfield code="a">committed to retain</marcxml:subfield>
      <marcxml:subfield code="c">20181001</marcxml:subfield>
      <marcxml:subfield code="d">in perpetuity</marcxml:subfield>
      <marcxml:subfield code="f">ReCAP Shared Collection</marcxml:subfield>
      <marcxml:subfield code="5">HUL</marcxml:subfield>
      <marcxml:subfield code="8">221973719930003941</marcxml:subfield>
    </marcxml:datafield>
    <marcxml:datafield tag="852" ind1="0" ind2=" ">
      <marcxml:subfield code="c">HD</marcxml:subfield>
      <marcxml:subfield code="8">221973719930003941</marcxml:subfield>
      <marcxml:subfield code="0">11305563</marcxml:subfield>
      <marcxml:subfield code="b">scsbhl</marcxml:subfield>
    </marcxml:datafield>
    <marcxml:datafield tag="876" ind1=" " ind2=" ">
      <marcxml:subfield code="0">11305563</marcxml:subfield>
      <marcxml:subfield code="3"/>
      <marcxml:subfield code="a">17038251</marcxml:subfield>
      <marcxml:subfield code="h"/>
      <marcxml:subfield code="j">Available</marcxml:subfield>
      <marcxml:subfield code="k">WID</marcxml:subfield>
      <marcxml:subfield code="p">HWR5MY</marcxml:subfield>
      <marcxml:subfield code="t"/>
      <marcxml:subfield code="x">Shared</marcxml:subfield>
      <marcxml:subfield code="z">HW</marcxml:subfield>
      <marcxml:subfield code="l">HD</marcxml:subfield>
    </marcxml:datafield>
  </marcxml:record>