
  <marcxml:record>
    <marcxml:leader>00000cam a2200481 i 4500</marcxml:leader>
    <marcxml:controlfield tag="001">SCSB-10530287</marcxml:controlfield>
    <marcxml:controlfield tag="005">20170619124234.0</marcxml:controlfield>
    <marcxml:controlfield tag="008">170129s2016    ua       b    000 0 ara c</marcxml:controlfield>
    <marcxml:controlfield tag="009">990149418370203941</marcxml:controlfield>
    <marcxml:datafield tag="020" ind1=" " ind2=" ">
      <marcxml:subfield code="a">9789779108865</marcxml:subfield>
    </marcxml:datafield>
    <marcxml:datafield tag="020" ind1=" " ind2=" ">
      <marcxml:subfield code="a">9779108866</marcxml:subfield>
    </marcxml:datafield>
    <marcxml:datafield tag="035" ind1=" " ind2=" ">
      <marcxml:subfield code="a">(OCoLC)971059038</marcxml:subfield>
      <marcxml:subfield code="z">(OCoLC)1001450950</marcxml:subfield>
      <marcxml:subfield code="z">(OCoLC)1040073230</marcxml:subfield>
    </marcxml:datafield>
    <marcxml:datafield tag="040" ind1=" " ind2=" ">
      <marcxml:subfield code="a">LEILA</marcxml:subfield>
      <marcxml:subfield code="b">eng</marcxml:subfield>
      <marcxml:subfield code="e">rda</marcxml:subfield>
      <marcxml:subfield code="c">LEILA</marcxml:subfield>
      <marcxml:subfield code="d">OCLCO</marcxml:subfield>
      <marcxml:subfield code="d">OCLCF</marcxml:subfield>
      <marcxml:subfield code="d">IUL</marcxml:subfield>
      <marcxml:subfield code="d">OCLCA</marcxml:subfield>
      <marcxml:subfield code="d">OCL</marcxml:subfield>
    </marcxml:datafield>
    <marcxml:datafield tag="042" ind1=" " ind2=" ">
      <marcxml:subfield code="a">pcc</marcxml:subfield>
    </marcxml:datafield>
    <marcxml:datafield tag="050" ind1=" " ind2="4">
      <marcxml:subfield code="a">PJ7846.A46</marcxml:subfield>
      <marcxml:subfield code="b">Z5835 2016</marcxml:subfield>
    </marcxml:datafield>
    <marcxml:datafield tag="100" ind1="1" ind2=" ">
      <marcxml:subfield code="a">ʻAṭīyah, Riḍā</marcxml:subfield>
      <marcxml:subfield code="e">author.</marcxml:subfield>
      <marcxml:subfield code="6">880-01</marcxml:subfield>
    </marcxml:datafield>
    <marcxml:datafield tag="880" ind1="1" ind2=" ">
      <marcxml:subfield code="6">100-01/</marcxml:subfield>
      <marcxml:subfield code="a">عطية، رضا.</marcxml:subfield>
    </marcxml:datafield>
    <marcxml:datafield tag="245" ind1="1" ind2="3">
      <marcxml:subfield code="6">880-02</marcxml:subfield>
      <marcxml:subfield code="a">al-ʻĀʼish fī al-sard /</marcxml:subfield>
      <marcxml:subfield code="c">taʼlīf Riḍā ʻAṭīyah.</marcxml:subfield>
    </marcxml:datafield>
    <marcxml:datafield tag="880" ind1="1" ind2="2">
      <marcxml:subfield code="6">245-02/</marcxml:subfield>
      <marcxml:subfield code="a">العائش في السرد /</marcxml:subfield>
      <marcxml:subfield code="c">تأليف رضا عطية.</marcxml:subfield>
    </marcxml:datafield>
    <marcxml:datafield tag="264" ind1=" " ind2="1">
      <marcxml:subfield code="6">880-03</marcxml:subfield>
      <marcxml:subfield code="a">[al-Qāhirah] :</marcxml:subfield>
      <marcxml:subfield code="b">al-Hayʼah al-Miṣrīyah al-ʻĀmmah lil-Kitāb,</marcxml:subfield>
      <marcxml:subfield code="c">2016.</marcxml:subfield>
    </marcxml:datafield>
    <marcxml:datafield tag="880" ind1=" " ind2="1">
      <marcxml:subfield code="6">264-03/</marcxml:subfield>
      <marcxml:subfield code="a">[القاهرة] :</marcxml:subfield>
      <marcxml:subfield code="b">الهيئه المصرية العامة للكتاب،</marcxml:subfield>
      <marcxml:subfield code="c">2016.</marcxml:subfield>
    </marcxml:datafield>
    <marcxml:datafield tag="300" ind1=" " ind2=" ">
      <marcxml:subfield code="a">271 pages ;</marcxml:subfield>
      <marcxml:subfield code="c">24 cm.</marcxml:subfield>
    </marcxml:datafield>
    <marcxml:datafield tag="336" ind1=" " ind2=" ">
      <marcxml:subfield code="a">text</marcxml:subfield>
      <marcxml:subfield code="b">txt</marcxml:subfield>
      <marcxml:subfield code="2">rdacontent</marcxml:subfield>
    </marcxml:datafield>
    <marcxml:datafield tag="337" ind1=" " ind2=" ">
      <marcxml:subfield code="a">unmediated</marcxml:subfield>
      <marcxml:subfield code="b">n</marcxml:subfield>
      <marcxml:subfield code="2">rdamedia</marcxml:subfield>
    </marcxml:datafield>
    <marcxml:datafield tag="338" ind1=" " ind2=" ">
      <marcxml:subfield code="a">volume</marcxml:subfield>
      <marcxml:subfield code="b">nc</marcxml:subfield>
      <marcxml:subfield code="2">rdacarrier</marcxml:subfield>
    </marcxml:datafield>
    <marcxml:datafield tag="490" ind1="1" ind2=" ">
      <marcxml:subfield code="6">880-04</marcxml:subfield>
      <marcxml:subfield code="a">Maktabat Najīb Maḥfūẓ ;</marcxml:subfield>
      <marcxml:subfield code="v">19</marcxml:subfield>
    </marcxml:datafield>
    <marcxml:datafield tag="880" ind1="1" ind2=" ">
      <marcxml:subfield code="6">490-04/</marcxml:subfield>
      <marcxml:subfield code="a">مكتبة نجيب محفوظ ؛</marcxml:subfield>
      <marcxml:subfield code="v">19</marcxml:subfield>
    </marcxml:datafield>
    <marcxml:datafield tag="504" ind1=" " ind2=" ">
      <marcxml:subfield code="a">Includes bibliographical references.</marcxml:subfield>
    </marcxml:datafield>
    <marcxml:datafield tag="520" ind1=" " ind2=" ">
      <marcxml:subfield code="a">Maḥfūẓ, Najīb, 1911-2006; criticism and interpretation; Arabic fiction; history and criticism.</marcxml:subfield>
    </marcxml:datafield>
    <marcxml:datafield tag="600" ind1="1" ind2="0">
      <marcxml:subfield code="6">880-05</marcxml:subfield>
      <marcxml:subfield code="a">Maḥfūẓ, Najīb,</marcxml:subfield>
      <marcxml:subfield code="d">1911-2006</marcxml:subfield>
      <marcxml:subfield code="x">Criticism and interpretation.</marcxml:subfield>
    </marcxml:datafield>
    <marcxml:datafield tag="880" ind1="1" ind2="4">
      <marcxml:subfield code="6">600-05/</marcxml:subfield>
      <marcxml:subfield code="a">محفوظ، نجيب،</marcxml:subfield>
      <marcxml:subfield code="d">1911-2006.</marcxml:subfield>
    </marcxml:datafield>
    <marcxml:datafield tag="650" ind1=" " ind2="0">
      <marcxml:subfield code="a">Arabic fiction</marcxml:subfield>
      <marcxml:subfield code="y">20th century</marcxml:subfield>
      <marcxml:subfield code="x">History and criticism.</marcxml:subfield>
    </marcxml:datafield>
    <marcxml:datafield tag="650" ind1=" " ind2="0">
      <marcxml:subfield code="a">Narration (Rhetoric)</marcxml:subfield>
    </marcxml:datafield>
    <marcxml:datafield tag="600" ind1="1" ind2="7">
      <marcxml:subfield code="a">Maḥfūẓ, Najīb,</marcxml:subfield>
      <marcxml:subfield code="d">1911-2006</marcxml:subfield>
      <marcxml:subfield code="2">fast</marcxml:subfield>
    </marcxml:datafield>
    <marcxml:datafield tag="650" ind1=" " ind2="7">
      <marcxml:subfield code="a">Arabic fiction</marcxml:subfield>
      <marcxml:subfield code="2">fast</marcxml:subfield>
    </marcxml:datafield>
    <marcxml:datafield tag="650" ind1=" " ind2="7">
      <marcxml:subfield code="a">Narration (Rhetoric)</marcxml:subfield>
      <marcxml:subfield code="2">fast</marcxml:subfield>
    </marcxml:datafield>
    <marcxml:datafield tag="648" ind1=" " ind2="7">
      <marcxml:subfield code="a">1900-1999</marcxml:subfield>
      <marcxml:subfield code="2">fast</marcxml:subfield>
    </marcxml:datafield>
    <marcxml:datafield tag="655" ind1=" " ind2="7">
      <marcxml:subfield code="a">Criticism, interpretation, etc.</marcxml:subfield>
      <marcxml:subfield code="2">fast</marcxml:subfield>
    </marcxml:datafield>
    <marcxml:datafield tag="752" ind1=" " ind2=" ">
      <marcxml:subfield code="a">Egypt</marcxml:subfield>
      <marcxml:subfield code="d">Cairo.</marcxml:subfield>
    </marcxml:datafield>
    <marcxml:datafield tag="830" ind1=" " ind2="0">
      <marcxml:subfield code="6">880-06</marcxml:subfield>
      <marcxml:subfield code="a">Maktabat Najīb Maḥfūẓ ;</marcxml:subfield>
      <marcxml:subfield code="v">19.</marcxml:subfield>
    </marcxml:datafield>
    <marcxml:datafield tag="880" ind1=" " ind2="0">
      <marcxml:subfield code="6">830-06/</marcxml:subfield>
      <marcxml:subfield code="a">مكتبة نجيب محفوظ ؛</marcxml:subfield>
      <marcxml:subfield code="v">19</marcxml:subfield>
    </marcxml:datafield>
    <marcxml:datafield tag="583" ind1="1" ind2=" ">
      <marcxml:subfield code="a">committed to retain</marcxml:subfield>
      <marcxml:subfield code="c">20181001</marcxml:subfield>
      <marcxml:subfield code="d">in perpetuity</marcxml:subfield>
      <marcxml:subfield code="f">ReCAP Shared Collection</marcxml:subfield>
      <marcxml:subfield code="5">HUL</marcxml:subfield>
      <marcxml:subfield code="8">222187044100003941</marcxml:subfield>
    </marcxml:datafield>
    <marcxml:datafield tag="852" ind1="0" ind2=" ">
      <marcxml:subfield code="c">HD</marcxml:subfield>
      <marcxml:subfield code="h">PJ7846.A46</marcxml:subfield>
      <marcxml:subfield code="i">Z5835 2016</marcxml:subfield>
      <marcxml:subfield code="0">11312440</marcxml:subfield>
      <marcxml:subfield code="b">scsbhl</marcxml:subfield>
    </marcxml:datafield>
    <marcxml:datafield tag="876" ind1=" " ind2=" ">
      <marcxml:subfield code="0">11312440</marcxml:subfield>
      <marcxml:subfield code="3"/>
      <marcxml:subfield code="a">17045539</marcxml:subfield>
      <marcxml:subfield code="h"> </marcxml:subfield>
      <marcxml:subfield code="j">Available</marcxml:subfield>
      <marcxml:subfield code="k">WID</marcxml:subfield>
      <marcxml:subfield code="p">32044138910195</marcxml:subfield>
      <marcxml:subfield code="t"/>
      <marcxml:subfield code="x">Shared</marcxml:subfield>
      <marcxml:subfield code="z">HW</marcxml:subfield>
      <marcxml:subfield code="l">HD</marcxml:subfield>
    </marcxml:datafield>
  </marcxml:record>