
  <marcxml:record>
    <marcxml:leader>00000nam a22000007a 4500</marcxml:leader>
    <marcxml:controlfield tag="001">SCSB-10535182</marcxml:controlfield>
    <marcxml:controlfield tag="005">20050206162217.0</marcxml:controlfield>
    <marcxml:controlfield tag="008">041004s2004    is |||||||||||||||||heb|d</marcxml:controlfield>
    <marcxml:controlfield tag="009">990094672090203941</marcxml:controlfield>
    <marcxml:datafield tag="020" ind1=" " ind2=" ">
      <marcxml:subfield code="a">9654074877</marcxml:subfield>
    </marcxml:datafield>
    <marcxml:datafield tag="035" ind1=" " ind2=" ">
      <marcxml:subfield code="a">(OCoLC)58415504</marcxml:subfield>
    </marcxml:datafield>
    <marcxml:datafield tag="100" ind1="1" ind2=" ">
      <marcxml:subfield code="a">Pap, Károly,</marcxml:subfield>
      <marcxml:subfield code="d">1897-1944?</marcxml:subfield>
    </marcxml:datafield>
    <marcxml:datafield tag="240" ind1="1" ind2="0">
      <marcxml:subfield code="a">Azarel.</marcxml:subfield>
      <marcxml:subfield code="l">Hebrew</marcxml:subfield>
    </marcxml:datafield>
    <marcxml:datafield tag="245" ind1="1" ind2="0">
      <marcxml:subfield code="a">ʻAzarʾel /</marcxml:subfield>
      <marcxml:subfield code="c">Ḳaroli Pap ; mi-Hungarit Rami Saʻari.</marcxml:subfield>
    </marcxml:datafield>
    <marcxml:datafield tag="260" ind1=" " ind2=" ">
      <marcxml:subfield code="a">Yerushalayim :</marcxml:subfield>
      <marcxml:subfield code="b">Karmel,</marcxml:subfield>
      <marcxml:subfield code="c">2004.</marcxml:subfield>
    </marcxml:datafield>
    <marcxml:datafield tag="300" ind1=" " ind2=" ">
      <marcxml:subfield code="a">211 p. ;</marcxml:subfield>
      <marcxml:subfield code="c">21 cm.</marcxml:subfield>
    </marcxml:datafield>
    <marcxml:datafield tag="651" ind1=" " ind2="0">
      <marcxml:subfield code="a">Hungary</marcxml:subfield>
      <marcxml:subfield code="x">History</marcxml:subfield>
      <marcxml:subfield code="y">1867-1918</marcxml:subfield>
      <marcxml:subfield code="v">Fiction.</marcxml:subfield>
    </marcxml:datafield>
    <marcxml:datafield tag="650" ind1=" " ind2="0">
      <marcxml:subfield code="a">Fathers and sons</marcxml:subfield>
      <marcxml:subfield code="v">Fiction</marcxml:subfield>
    </marcxml:datafield>
    <marcxml:datafield tag="650" ind1=" " ind2="0">
      <marcxml:subfield code="a">Rabbis</marcxml:subfield>
      <marcxml:subfield code="z">Hungary</marcxml:subfield>
      <marcxml:subfield code="v">Fiction.</marcxml:subfield>
    </marcxml:datafield>
    <marcxml:datafield tag="650" ind1=" " ind2="0">
      <marcxml:subfield code="a">Jewish sects</marcxml:subfield>
      <marcxml:subfield code="v">Fiction.</marcxml:subfield>
    </marcxml:datafield>
    <marcxml:datafield tag="700" ind1="1" ind2=" ">
      <marcxml:subfield code="a">Saari, Rami,</marcxml:subfield>
      <marcxml:subfield code="d">1963-</marcxml:subfield>
    </marcxml:datafield>
    <marcxml:datafield tag="752" ind1=" " ind2=" ">
      <marcxml:subfield code="a">Israel</marcxml:subfield>
      <marcxml:subfield code="d">Jerusalem.</marcxml:subfield>
    </marcxml:datafield>
    <marcxml:datafield tag="583" ind1="1" ind2=" ">
      <marcxml:subfield code="a">committed to retain</marcxml:subfield>
      <marcxml:subfield code="c">20181001</marcxml:subfield>
      <marcxml:subfield code="d">in perpetuity</marcxml:subfield>
      <marcxml:subfield code="f">ReCAP Shared Collection</marcxml:subfield>
      <marcxml:subfield code="5">HUL</marcxml:subfield>
      <marcxml:subfield code="8">222088646240003941</marcxml:subfield>
    </marcxml:datafield>
    <marcxml:datafield tag="852" ind1="7" ind2=" ">
      <marcxml:subfield code="2">ZHCL</marcxml:subfield>
      <marcxml:subfield code="c">HD</marcxml:subfield>
      <marcxml:subfield code="h">Heb 42608.480</marcxml:subfield>
      <marcxml:subfield code="0">11317489</marcxml:subfield>
      <marcxml:subfield code="b">scsbhl</marcxml:subfield>
    </marcxml:datafield>
    <marcxml:datafield tag="876" ind1=" " ind2=" ">
      <marcxml:subfield code="0">11317489</marcxml:subfield>
      <marcxml:subfield code="3"/>
      <marcxml:subfield code="a">17050631</marcxml:subfield>
      <marcxml:subfield code="h"> </marcxml:subfield>
      <marcxml:subfield code="j">Available</marcxml:subfield>
      <marcxml:subfield code="k">WID</marcxml:subfield>
      <marcxml:subfield code="p">HXI9F8</marcxml:subfield>
      <marcxml:subfield code="t"/>
      <marcxml:subfield code="x">Shared</marcxml:subfield>
      <marcxml:subfield code="z">HW</marcxml:subfield>
      <marcxml:subfield code="l">HD</marcxml:subfield>
    </marcxml:datafield>
  </marcxml:record>