
  <marcxml:record>
    <marcxml:leader>00000cam a2200469Ma 4500</marcxml:leader>
    <marcxml:controlfield tag="001">SCSB-10537448</marcxml:controlfield>
    <marcxml:controlfield tag="005">20170313170040.0</marcxml:controlfield>
    <marcxml:controlfield tag="008">070605s2007    le a   j      000 j ara d</marcxml:controlfield>
    <marcxml:controlfield tag="009">990108226720203941</marcxml:controlfield>
    <marcxml:datafield tag="020" ind1=" " ind2=" ">
      <marcxml:subfield code="a">9789953490144</marcxml:subfield>
    </marcxml:datafield>
    <marcxml:datafield tag="020" ind1=" " ind2=" ">
      <marcxml:subfield code="a">9953490147</marcxml:subfield>
    </marcxml:datafield>
    <marcxml:datafield tag="035" ind1=" " ind2=" ">
      <marcxml:subfield code="a">(OCoLC)165066245</marcxml:subfield>
    </marcxml:datafield>
    <marcxml:datafield tag="040" ind1=" " ind2=" ">
      <marcxml:subfield code="a">HLS</marcxml:subfield>
      <marcxml:subfield code="b">eng</marcxml:subfield>
      <marcxml:subfield code="c">HLS</marcxml:subfield>
      <marcxml:subfield code="d">OCLCQ</marcxml:subfield>
      <marcxml:subfield code="d">OCLCF</marcxml:subfield>
      <marcxml:subfield code="d">OCLCO</marcxml:subfield>
      <marcxml:subfield code="d">OCLCQ</marcxml:subfield>
    </marcxml:datafield>
    <marcxml:datafield tag="043" ind1=" " ind2=" ">
      <marcxml:subfield code="a">a-le---</marcxml:subfield>
    </marcxml:datafield>
    <marcxml:datafield tag="100" ind1="1" ind2=" ">
      <marcxml:subfield code="6">880-01</marcxml:subfield>
      <marcxml:subfield code="a">Ḍāhir, Ḥasan.</marcxml:subfield>
    </marcxml:datafield>
    <marcxml:datafield tag="880" ind1="1" ind2=" ">
      <marcxml:subfield code="6">100-01/</marcxml:subfield>
      <marcxml:subfield code="a">ضاهر، حسن.</marcxml:subfield>
    </marcxml:datafield>
    <marcxml:datafield tag="245" ind1="1" ind2="3">
      <marcxml:subfield code="6">880-02</marcxml:subfield>
      <marcxml:subfield code="a">al-ʻAwdah ilá turāb al-janūb /</marcxml:subfield>
      <marcxml:subfield code="c">bi-qalam Ḥasan Ḍāhir ; rusūm Muná Abī ʻĀd ; fikrat wa-iʻdād Muʼassasat al-Yusr lil-Ṭibāʻah wa-al-Ikhrāj al-Fannī.</marcxml:subfield>
    </marcxml:datafield>
    <marcxml:datafield tag="880" ind1="1" ind2="2">
      <marcxml:subfield code="6">245-02/</marcxml:subfield>
      <marcxml:subfield code="a">العودة إلى تراب الجنوب /</marcxml:subfield>
      <marcxml:subfield code="c">بقلم حسن ضاهر ؛ رسوم منى ابي عاد ؛ فكرة وإعداد مؤسسة اليسر للطباعة والإخراج الفني.</marcxml:subfield>
    </marcxml:datafield>
    <marcxml:datafield tag="250" ind1=" " ind2=" ">
      <marcxml:subfield code="6">880-03</marcxml:subfield>
      <marcxml:subfield code="a">al-Ṭabʻah 1.</marcxml:subfield>
    </marcxml:datafield>
    <marcxml:datafield tag="880" ind1=" " ind2=" ">
      <marcxml:subfield code="6">250-03/</marcxml:subfield>
      <marcxml:subfield code="a">الطبعة الأولى.</marcxml:subfield>
    </marcxml:datafield>
    <marcxml:datafield tag="260" ind1=" " ind2=" ">
      <marcxml:subfield code="6">880-04</marcxml:subfield>
      <marcxml:subfield code="a">Bayrūt :</marcxml:subfield>
      <marcxml:subfield code="b">Dār al-Hādī lil-Ṭibāʻah wa-al-Nashr wa-al-Tawzīʻ,</marcxml:subfield>
      <marcxml:subfield code="c">2007.</marcxml:subfield>
    </marcxml:datafield>
    <marcxml:datafield tag="880" ind1=" " ind2=" ">
      <marcxml:subfield code="6">260-04/</marcxml:subfield>
      <marcxml:subfield code="a">بيروت :</marcxml:subfield>
      <marcxml:subfield code="b">دار الهادي للطباعة والنشر والتوزيع،</marcxml:subfield>
      <marcxml:subfield code="c">2007.</marcxml:subfield>
    </marcxml:datafield>
    <marcxml:datafield tag="300" ind1=" " ind2=" ">
      <marcxml:subfield code="a">16 pages :</marcxml:subfield>
      <marcxml:subfield code="b">color illustrations ;</marcxml:subfield>
      <marcxml:subfield code="c">24 cm.</marcxml:subfield>
    </marcxml:datafield>
    <marcxml:datafield tag="336" ind1=" " ind2=" ">
      <marcxml:subfield code="a">text</marcxml:subfield>
      <marcxml:subfield code="b">txt</marcxml:subfield>
      <marcxml:subfield code="2">rdacontent</marcxml:subfield>
    </marcxml:datafield>
    <marcxml:datafield tag="337" ind1=" " ind2=" ">
      <marcxml:subfield code="a">unmediated</marcxml:subfield>
      <marcxml:subfield code="b">n</marcxml:subfield>
      <marcxml:subfield code="2">rdamedia</marcxml:subfield>
    </marcxml:datafield>
    <marcxml:datafield tag="338" ind1=" " ind2=" ">
      <marcxml:subfield code="a">volume</marcxml:subfield>
      <marcxml:subfield code="b">nc</marcxml:subfield>
      <marcxml:subfield code="2">rdacarrier</marcxml:subfield>
    </marcxml:datafield>
    <marcxml:datafield tag="490" ind1="1" ind2=" ">
      <marcxml:subfield code="a">Silsilat al-Intiṣār ʻalá al-Ṣahāyinah</marcxml:subfield>
    </marcxml:datafield>
    <marcxml:datafield tag="650" ind1=" " ind2="0">
      <marcxml:subfield code="a">Lebanon War, 2006</marcxml:subfield>
      <marcxml:subfield code="v">Juvenile fiction.</marcxml:subfield>
    </marcxml:datafield>
    <marcxml:datafield tag="650" ind1=" " ind2="0">
      <marcxml:subfield code="a">Children and war</marcxml:subfield>
      <marcxml:subfield code="z">Lebanon</marcxml:subfield>
      <marcxml:subfield code="v">Juvenile fiction.</marcxml:subfield>
    </marcxml:datafield>
    <marcxml:datafield tag="650" ind1=" " ind2="0">
      <marcxml:subfield code="a">Children's stories, Arabic</marcxml:subfield>
    </marcxml:datafield>
    <marcxml:datafield tag="611" ind1="2" ind2="7">
      <marcxml:subfield code="a">Lebanon War (2006)</marcxml:subfield>
      <marcxml:subfield code="2">fast</marcxml:subfield>
    </marcxml:datafield>
    <marcxml:datafield tag="650" ind1=" " ind2="7">
      <marcxml:subfield code="a">Children and war</marcxml:subfield>
      <marcxml:subfield code="2">fast</marcxml:subfield>
    </marcxml:datafield>
    <marcxml:datafield tag="650" ind1=" " ind2="7">
      <marcxml:subfield code="a">Children's stories, Arabic</marcxml:subfield>
      <marcxml:subfield code="2">fast</marcxml:subfield>
    </marcxml:datafield>
    <marcxml:datafield tag="651" ind1=" " ind2="7">
      <marcxml:subfield code="a">Lebanon</marcxml:subfield>
      <marcxml:subfield code="2">fast</marcxml:subfield>
    </marcxml:datafield>
    <marcxml:datafield tag="648" ind1=" " ind2="7">
      <marcxml:subfield code="a">2006</marcxml:subfield>
      <marcxml:subfield code="2">fast</marcxml:subfield>
    </marcxml:datafield>
    <marcxml:datafield tag="655" ind1=" " ind2="7">
      <marcxml:subfield code="a">Fiction</marcxml:subfield>
      <marcxml:subfield code="2">fast</marcxml:subfield>
    </marcxml:datafield>
    <marcxml:datafield tag="655" ind1=" " ind2="7">
      <marcxml:subfield code="a">Juvenile works</marcxml:subfield>
      <marcxml:subfield code="2">fast</marcxml:subfield>
    </marcxml:datafield>
    <marcxml:datafield tag="700" ind1="1" ind2=" ">
      <marcxml:subfield code="a">Abī ʻĀd, Muná.</marcxml:subfield>
    </marcxml:datafield>
    <marcxml:datafield tag="710" ind1="2" ind2=" ">
      <marcxml:subfield code="a">Muʼassasat al-Yusr lil-Ṭibāʻah wa-al-Ikhrāj al-Fannī.</marcxml:subfield>
    </marcxml:datafield>
    <marcxml:datafield tag="752" ind1=" " ind2=" ">
      <marcxml:subfield code="a">Lebanon</marcxml:subfield>
      <marcxml:subfield code="d">Beirut.</marcxml:subfield>
    </marcxml:datafield>
    <marcxml:datafield tag="830" ind1=" " ind2="0">
      <marcxml:subfield code="a">Silsilat al-Intiṣār ʻalá al-Ṣahāyinah.</marcxml:subfield>
    </marcxml:datafield>
    <marcxml:datafield tag="583" ind1="1" ind2=" ">
      <marcxml:subfield code="a">committed to retain</marcxml:subfield>
      <marcxml:subfield code="c">20181001</marcxml:subfield>
      <marcxml:subfield code="d">in perpetuity</marcxml:subfield>
      <marcxml:subfield code="f">ReCAP Shared Collection</marcxml:subfield>
      <marcxml:subfield code="5">HUL</marcxml:subfield>
      <marcxml:subfield code="8">222101366880003941</marcxml:subfield>
    </marcxml:datafield>
    <marcxml:datafield tag="852" ind1="0" ind2=" ">
      <marcxml:subfield code="c">HD</marcxml:subfield>
      <marcxml:subfield code="0">11319868</marcxml:subfield>
      <marcxml:subfield code="b">scsbhl</marcxml:subfield>
    </marcxml:datafield>
    <marcxml:datafield tag="876" ind1=" " ind2=" ">
      <marcxml:subfield code="0">11319868</marcxml:subfield>
      <marcxml:subfield code="3"/>
      <marcxml:subfield code="a">17053170</marcxml:subfield>
      <marcxml:subfield code="h"> </marcxml:subfield>
      <marcxml:subfield code="j">Available</marcxml:subfield>
      <marcxml:subfield code="k">WID</marcxml:subfield>
      <marcxml:subfield code="p">32044098604762</marcxml:subfield>
      <marcxml:subfield code="t"/>
      <marcxml:subfield code="x">Shared</marcxml:subfield>
      <marcxml:subfield code="z">HW</marcxml:subfield>
      <marcxml:subfield code="l">HD</marcxml:subfield>
    </marcxml:datafield>
  </marcxml:record>