
  <marcxml:record>
    <marcxml:leader>00000nam a22000007a 4500</marcxml:leader>
    <marcxml:controlfield tag="001">SCSB-10539546</marcxml:controlfield>
    <marcxml:controlfield tag="005">20040305105455.0</marcxml:controlfield>
    <marcxml:controlfield tag="008">040220s2003    is |||||||||||||||||heb|d</marcxml:controlfield>
    <marcxml:controlfield tag="009">990092955450203941</marcxml:controlfield>
    <marcxml:datafield tag="035" ind1=" " ind2=" ">
      <marcxml:subfield code="a">(OCoLC)57740188</marcxml:subfield>
    </marcxml:datafield>
    <marcxml:datafield tag="100" ind1="1" ind2=" ">
      <marcxml:subfield code="a">Ṭoledano, Refaʼel Barukh ben Avraham</marcxml:subfield>
    </marcxml:datafield>
    <marcxml:datafield tag="245" ind1="1" ind2="0">
      <marcxml:subfield code="a">ʻAvodat ha-zevaḥ :</marcxml:subfield>
      <marcxml:subfield code="b">ʻal masekehet Temurah : ḥ... be-sugyot ha-Shas ṿe-divre ha-rishonim, ha-Rambam ṿe-Shulḥan ʻarukh /</marcxml:subfield>
      <marcxml:subfield code="c">ḥubar ʻal yede Refaʾel Barukh ben Avraham Ṭoledano ...</marcxml:subfield>
    </marcxml:datafield>
    <marcxml:datafield tag="260" ind1=" " ind2=" ">
      <marcxml:subfield code="a">Yerushalayim :</marcxml:subfield>
      <marcxml:subfield code="b">[Kolel Zikhron Shimʻon],</marcxml:subfield>
      <marcxml:subfield code="c">764 [2003]</marcxml:subfield>
    </marcxml:datafield>
    <marcxml:datafield tag="300" ind1=" " ind2=" ">
      <marcxml:subfield code="a">171 p. ;</marcxml:subfield>
      <marcxml:subfield code="c">25 cm.</marcxml:subfield>
    </marcxml:datafield>
    <marcxml:datafield tag="630" ind1="0" ind2="0">
      <marcxml:subfield code="a">Talmud.</marcxml:subfield>
      <marcxml:subfield code="p">Temurah</marcxml:subfield>
      <marcxml:subfield code="v">Commentaries.</marcxml:subfield>
    </marcxml:datafield>
    <marcxml:datafield tag="752" ind1=" " ind2=" ">
      <marcxml:subfield code="a">Israel</marcxml:subfield>
      <marcxml:subfield code="d">Jerusalem.</marcxml:subfield>
    </marcxml:datafield>
    <marcxml:datafield tag="583" ind1="1" ind2=" ">
      <marcxml:subfield code="a">committed to retain</marcxml:subfield>
      <marcxml:subfield code="c">20181001</marcxml:subfield>
      <marcxml:subfield code="d">in perpetuity</marcxml:subfield>
      <marcxml:subfield code="f">ReCAP Shared Collection</marcxml:subfield>
      <marcxml:subfield code="5">HUL</marcxml:subfield>
      <marcxml:subfield code="8">222082964520003941</marcxml:subfield>
    </marcxml:datafield>
    <marcxml:datafield tag="852" ind1="7" ind2=" ">
      <marcxml:subfield code="2">ZHCL</marcxml:subfield>
      <marcxml:subfield code="c">HD</marcxml:subfield>
      <marcxml:subfield code="h">Heb 41204.344</marcxml:subfield>
      <marcxml:subfield code="8">222082964520003941</marcxml:subfield>
      <marcxml:subfield code="0">11322034</marcxml:subfield>
      <marcxml:subfield code="b">scsbhl</marcxml:subfield>
    </marcxml:datafield>
    <marcxml:datafield tag="876" ind1=" " ind2=" ">
      <marcxml:subfield code="0">11322034</marcxml:subfield>
      <marcxml:subfield code="3"/>
      <marcxml:subfield code="a">17055427</marcxml:subfield>
      <marcxml:subfield code="h"/>
      <marcxml:subfield code="j">Available</marcxml:subfield>
      <marcxml:subfield code="k">WID</marcxml:subfield>
      <marcxml:subfield code="p">HXI5QU</marcxml:subfield>
      <marcxml:subfield code="t"/>
      <marcxml:subfield code="x">Shared</marcxml:subfield>
      <marcxml:subfield code="z">HW</marcxml:subfield>
      <marcxml:subfield code="l">HD</marcxml:subfield>
    </marcxml:datafield>
  </marcxml:record>