
  <marcxml:record>
    <marcxml:leader>00000aam a2200000 a 4500</marcxml:leader>
    <marcxml:controlfield tag="001">SCSB-10540483</marcxml:controlfield>
    <marcxml:controlfield tag="005">20101014105009.0</marcxml:controlfield>
    <marcxml:controlfield tag="008">060131s2005    wj       b    000|0 ara d</marcxml:controlfield>
    <marcxml:controlfield tag="009">990098591590203941</marcxml:controlfield>
    <marcxml:datafield tag="035" ind1=" " ind2=" ">
      <marcxml:subfield code="a">(OCoLC)670300549</marcxml:subfield>
    </marcxml:datafield>
    <marcxml:datafield tag="100" ind1="1" ind2=" ">
      <marcxml:subfield code="a">Khawājah, ʻAlī.</marcxml:subfield>
    </marcxml:datafield>
    <marcxml:datafield tag="245" ind1="1" ind2="0">
      <marcxml:subfield code="a">ʻAyn al-sārid :</marcxml:subfield>
      <marcxml:subfield code="b">qirāʼah fī Aḥmad Rafīq ʻAwaḍ : al-insān wa-al-ibdāʻ /</marcxml:subfield>
      <marcxml:subfield code="c">ʻAlī Khawājah.</marcxml:subfield>
    </marcxml:datafield>
    <marcxml:datafield tag="246" ind1="1" ind2=" ">
      <marcxml:subfield code="i">Subtitle on cover:</marcxml:subfield>
      <marcxml:subfield code="a">qirāʼah fī aʻmāl Aḥmad Rafīq ʻAwaḍ</marcxml:subfield>
    </marcxml:datafield>
    <marcxml:datafield tag="250" ind1=" " ind2=" ">
      <marcxml:subfield code="a">al-Ṭabʻah 1.</marcxml:subfield>
    </marcxml:datafield>
    <marcxml:datafield tag="260" ind1=" " ind2=" ">
      <marcxml:subfield code="a">[Bīrah] :</marcxml:subfield>
      <marcxml:subfield code="b">Dār al-Mājid,</marcxml:subfield>
      <marcxml:subfield code="c">2005</marcxml:subfield>
      <marcxml:subfield code="e">(al-Bīrah :</marcxml:subfield>
      <marcxml:subfield code="f">Maṭbaʻat Būghūsh)</marcxml:subfield>
    </marcxml:datafield>
    <marcxml:datafield tag="300" ind1=" " ind2=" ">
      <marcxml:subfield code="a">167 p. ;</marcxml:subfield>
      <marcxml:subfield code="c">20 cm.</marcxml:subfield>
    </marcxml:datafield>
    <marcxml:datafield tag="504" ind1=" " ind2=" ">
      <marcxml:subfield code="a">Includes bibliographical references.</marcxml:subfield>
    </marcxml:datafield>
    <marcxml:datafield tag="600" ind1="1" ind2="0">
      <marcxml:subfield code="a">ʻAwaḍ, Aḥmad Rafīq</marcxml:subfield>
      <marcxml:subfield code="x">Criticism and interpretation.</marcxml:subfield>
    </marcxml:datafield>
    <marcxml:datafield tag="650" ind1=" " ind2="0">
      <marcxml:subfield code="a">Arabic fiction</marcxml:subfield>
      <marcxml:subfield code="z">West Bank</marcxml:subfield>
      <marcxml:subfield code="x">History and criticism.</marcxml:subfield>
    </marcxml:datafield>
    <marcxml:datafield tag="650" ind1=" " ind2="0">
      <marcxml:subfield code="a">Arabic fiction</marcxml:subfield>
      <marcxml:subfield code="z">Gaza Strip</marcxml:subfield>
      <marcxml:subfield code="x">History and criticism.</marcxml:subfield>
    </marcxml:datafield>
    <marcxml:datafield tag="752" ind1=" " ind2=" ">
      <marcxml:subfield code="a">West Bank</marcxml:subfield>
      <marcxml:subfield code="d">Bīrah.</marcxml:subfield>
    </marcxml:datafield>
    <marcxml:datafield tag="583" ind1="1" ind2=" ">
      <marcxml:subfield code="a">committed to retain</marcxml:subfield>
      <marcxml:subfield code="c">20181001</marcxml:subfield>
      <marcxml:subfield code="d">in perpetuity</marcxml:subfield>
      <marcxml:subfield code="f">ReCAP Shared Collection</marcxml:subfield>
      <marcxml:subfield code="5">HUL</marcxml:subfield>
      <marcxml:subfield code="8">222092271860003941</marcxml:subfield>
    </marcxml:datafield>
    <marcxml:datafield tag="852" ind1="0" ind2=" ">
      <marcxml:subfield code="c">HD</marcxml:subfield>
      <marcxml:subfield code="8">222092271860003941</marcxml:subfield>
      <marcxml:subfield code="0">11322991</marcxml:subfield>
      <marcxml:subfield code="b">scsbhl</marcxml:subfield>
    </marcxml:datafield>
    <marcxml:datafield tag="876" ind1=" " ind2=" ">
      <marcxml:subfield code="0">11322991</marcxml:subfield>
      <marcxml:subfield code="3"/>
      <marcxml:subfield code="a">17056429</marcxml:subfield>
      <marcxml:subfield code="h"/>
      <marcxml:subfield code="j">Available</marcxml:subfield>
      <marcxml:subfield code="k">WID</marcxml:subfield>
      <marcxml:subfield code="p">32044117227678</marcxml:subfield>
      <marcxml:subfield code="t"/>
      <marcxml:subfield code="x">Shared</marcxml:subfield>
      <marcxml:subfield code="z">HW</marcxml:subfield>
      <marcxml:subfield code="l">HD</marcxml:subfield>
    </marcxml:datafield>
  </marcxml:record>