
  <marcxml:record>
    <marcxml:leader>00000nam a2200325 i 4500</marcxml:leader>
    <marcxml:controlfield tag="001">SCSB-10541406</marcxml:controlfield>
    <marcxml:controlfield tag="005">20171130131911.0</marcxml:controlfield>
    <marcxml:controlfield tag="008">170309s2013    iq a     b    000 0 kur  </marcxml:controlfield>
    <marcxml:controlfield tag="009">990148495430203941</marcxml:controlfield>
    <marcxml:datafield tag="010" ind1=" " ind2=" ">
      <marcxml:subfield code="a">^^2016356679</marcxml:subfield>
    </marcxml:datafield>
    <marcxml:datafield tag="035" ind1=" " ind2=" ">
      <marcxml:subfield code="a">(OCoLC)1013818292</marcxml:subfield>
    </marcxml:datafield>
    <marcxml:datafield tag="037" ind1=" " ind2=" ">
      <marcxml:subfield code="a">16.00 USD</marcxml:subfield>
    </marcxml:datafield>
    <marcxml:datafield tag="040" ind1=" " ind2=" ">
      <marcxml:subfield code="a">DLC</marcxml:subfield>
      <marcxml:subfield code="b">eng</marcxml:subfield>
      <marcxml:subfield code="c">DLC</marcxml:subfield>
      <marcxml:subfield code="e">rda</marcxml:subfield>
    </marcxml:datafield>
    <marcxml:datafield tag="042" ind1=" " ind2=" ">
      <marcxml:subfield code="a">pcc</marcxml:subfield>
      <marcxml:subfield code="a">lcode</marcxml:subfield>
    </marcxml:datafield>
    <marcxml:datafield tag="100" ind1="1" ind2=" ">
      <marcxml:subfield code="a">Serdar, Zanyar</marcxml:subfield>
      <marcxml:subfield code="e">author.</marcxml:subfield>
    </marcxml:datafield>
    <marcxml:datafield tag="245" ind1="1" ind2="0">
      <marcxml:subfield code="a">ʻEbdulqadir Qir̄geyî.. r̄ûnakbîrêkî r̄aber..! /</marcxml:subfield>
      <marcxml:subfield code="c">Zanyar Serdar Qir̄geyî.</marcxml:subfield>
    </marcxml:datafield>
    <marcxml:datafield tag="250" ind1=" " ind2=" ">
      <marcxml:subfield code="a">Çapî yekem.</marcxml:subfield>
    </marcxml:datafield>
    <marcxml:datafield tag="264" ind1=" " ind2="1">
      <marcxml:subfield code="a">Hewlêr [Kurdistan, Iraq] :</marcxml:subfield>
      <marcxml:subfield code="b">Yekêtîy Nûseranî Kurd, Mełbendî Giştî,</marcxml:subfield>
      <marcxml:subfield code="c">2013.</marcxml:subfield>
    </marcxml:datafield>
    <marcxml:datafield tag="300" ind1=" " ind2=" ">
      <marcxml:subfield code="a">270 pages :</marcxml:subfield>
      <marcxml:subfield code="b">illustrations ;</marcxml:subfield>
      <marcxml:subfield code="c">23 cm.</marcxml:subfield>
    </marcxml:datafield>
    <marcxml:datafield tag="336" ind1=" " ind2=" ">
      <marcxml:subfield code="a">text</marcxml:subfield>
      <marcxml:subfield code="b">txt</marcxml:subfield>
      <marcxml:subfield code="2">rdacontent</marcxml:subfield>
    </marcxml:datafield>
    <marcxml:datafield tag="337" ind1=" " ind2=" ">
      <marcxml:subfield code="a">unmediated</marcxml:subfield>
      <marcxml:subfield code="b">n</marcxml:subfield>
      <marcxml:subfield code="2">rdamedia</marcxml:subfield>
    </marcxml:datafield>
    <marcxml:datafield tag="338" ind1=" " ind2=" ">
      <marcxml:subfield code="a">volume</marcxml:subfield>
      <marcxml:subfield code="b">nc</marcxml:subfield>
      <marcxml:subfield code="2">rdacarrier</marcxml:subfield>
    </marcxml:datafield>
    <marcxml:datafield tag="490" ind1="0" ind2=" ">
      <marcxml:subfield code="a">Yekêtîy Nûseranî Kurd, Mełbendî Giştî ;</marcxml:subfield>
      <marcxml:subfield code="v">82</marcxml:subfield>
    </marcxml:datafield>
    <marcxml:datafield tag="500" ind1=" " ind2=" ">
      <marcxml:subfield code="a">"Lêkolîneweyekî edebîye le beşêkî jiyan u berhemekanî şaʻîr ʻE. Qir̄geyî."</marcxml:subfield>
    </marcxml:datafield>
    <marcxml:datafield tag="504" ind1=" " ind2=" ">
      <marcxml:subfield code="a">Includes bibliographical references.</marcxml:subfield>
    </marcxml:datafield>
    <marcxml:datafield tag="546" ind1=" " ind2=" ">
      <marcxml:subfield code="a">In Sorani Kurdish</marcxml:subfield>
      <marcxml:subfield code="b">(Arabic script).</marcxml:subfield>
    </marcxml:datafield>
    <marcxml:datafield tag="600" ind1="1" ind2="0">
      <marcxml:subfield code="a">Qir̄geyî, ʻEbdulqadir.</marcxml:subfield>
    </marcxml:datafield>
    <marcxml:datafield tag="583" ind1="1" ind2=" ">
      <marcxml:subfield code="a">committed to retain</marcxml:subfield>
      <marcxml:subfield code="c">20181001</marcxml:subfield>
      <marcxml:subfield code="d">in perpetuity</marcxml:subfield>
      <marcxml:subfield code="f">ReCAP Shared Collection</marcxml:subfield>
      <marcxml:subfield code="5">HUL</marcxml:subfield>
      <marcxml:subfield code="8">222176920440003941</marcxml:subfield>
    </marcxml:datafield>
    <marcxml:datafield tag="852" ind1="0" ind2=" ">
      <marcxml:subfield code="c">HD</marcxml:subfield>
      <marcxml:subfield code="8">222176920440003941</marcxml:subfield>
      <marcxml:subfield code="0">11323926</marcxml:subfield>
      <marcxml:subfield code="b">scsbhl</marcxml:subfield>
    </marcxml:datafield>
    <marcxml:datafield tag="876" ind1=" " ind2=" ">
      <marcxml:subfield code="0">11323926</marcxml:subfield>
      <marcxml:subfield code="3"/>
      <marcxml:subfield code="a">17057392</marcxml:subfield>
      <marcxml:subfield code="h"/>
      <marcxml:subfield code="j">Available</marcxml:subfield>
      <marcxml:subfield code="k">WID</marcxml:subfield>
      <marcxml:subfield code="p">32044146440920</marcxml:subfield>
      <marcxml:subfield code="t"/>
      <marcxml:subfield code="x">Shared</marcxml:subfield>
      <marcxml:subfield code="z">HW</marcxml:subfield>
      <marcxml:subfield code="l">HD</marcxml:subfield>
    </marcxml:datafield>
  </marcxml:record>